2890 4866
588 413 668 494 set

132 616 298 699 arguentis
325 625 394 692 est,
429 615 486 678 sed
510 617 687 682 monentis.
738 615 776 680 Id
804 637 907 678 unum
931 611 1050 698 epilogi
1076 635 1134 698 gen

69 799 77 809 ι
132 745 194 784 nus
223 723 331 785 risum
356 733 406 790 est
431 723 597 809 plerisque
626 725 834 800 Atticorum,
869 733 902 786 et
927 722 1130 808 philosophis

129 834 199 896 fere
219 833 390 922 omnihus,
426 833 483 916 qui
511 834 550 895 de
577 845 645 896 arte
666 834 808 895 oratoria
831 835 990 916 scriptum
1007 829 1133 914 aliquid

129 940 348 1021 reliquerunt.
392 942 428 1003 ld
446 943 587 1004 sensisse
608 941 737 1004 Atticos
758 941 875 1018 credo,
898 941 974 1024 quia
992 939 1141 1036 Athenis⁸
1191 961 1201 974 ⁸

129 1047 264 1108 affectus
300 1049 547 1112 movere‘etiam
581 1073 640 1134 per
669 1071 863 1133 praeconem
900 1049 1133 1133 prohibebatur

128 1165 239 1216 orator
256 1157 292 1233 *).
336 1157 552 1240 Philosophos
571 1159 679 1219 minus
699 1158 821 1235 miror,
853 1157 939 1252 apud
956 1177 1040 1239 quos
1057 1154 1132 1242 vitii

127 1263 202 1326 loco
223 1273 283 1342 est,
307 1265 407 1328 affici:
439 1289 500 1328 nec
516 1267 593 1328 boni
616 1287 721 1328 mores
741 1265 919 1343 videntur,
943 1263 1131 1326 sicarero
1215 1333 1220 1342 ι
1321 1262 1323 1276 “

129 1368 274 1455 jadicem
294 1371 414 1436 aiverti:
445 1396 505 1436 nec
525 1375 701 1438 convenire
724 1376 813 1436 bono
835 1373 925 1451 viro,
954 1371 1042 1432 vitiis
1073 1369 1131 1434 uti.
1175 1359 1179 1372 '

73 1490 78 1506 ¹
129 1480 338 1544 Necessarios
361 1463 469 1544 tamen
491 1483 626 1544 effectus
645 1483 856 1558 fatebuntur,
890 1479 918 1542 si
936 1479 1032 1540 aliter
1047 1476 1132 1541 obti·
1155 1518 1158 1528 ‹

132 1588 202 1650 neri
221 1610 298 1650 vera
313 1598 346 1652 et
364 1590 470 1672 justa,
495 1598 528 1650 et
541 1590 576 1649 in
594 1610 766 1650 commune
781 1589 951 1672 profutura
973 1607 1038 1646 non
1057 1607 1136 1668 pos·

131 1697 207 1758 sint.
250 1699 402 1758 Ceterum
425 1695 509 1756 illud
529 1696 680 1760 constitit
706 1697 791 1772 inter
811 1692 946 1770 ornnes,
979 1694 1077 1756 etiam
1097 1693 1133 1756 in

132 1803 206 1865 aliis
230 1805 377 1888 partibus
397 1805 558 1884 actionis,
582 1826 608 1867 ιι
601 1761 796 1888 'multiplex
811 1823 908 1864 causa
925 1801 968 1864 sit
982 1812 1015 1864 et
1029 1801 1135 1885 pluri·
1179 1866 1182 1878 .

92 1989 96 1998 ἡ
131 1913 194 1976 bas
215 1915 413 1996 argumentis
432 1915 582 1991 defensa,
605 1913 733 1975 utiliter
748 1911 1047 1996 ἀνακεφαλαιωσιν
1063 1909 1136 1972 fieri

132 2019 260 2084 solere:
292 2023 378 2084 sicot
399 2043 494 2084 nemo
520 2022 740 2098 dubitaverit,
770 2021 888 2082 multas
908 2035 982 2081 esse
999 2040 1135 2097 causas,

132 2128 167 2189 in
190 2130 309 2211 quibus
332 2130 519 2220 nulloloco
539 2131 580 2190 sit
602 2127 802 2205 necessaria,
826 2127 857 2188 si
873 2129 988 2189 breves
1007 2139 1040 2188 et
1056 2127 1137 2186 sim-

131 2237 236 2322 plices
255 2238 388 2299 suerint.
431 2240 518 2300 Haec
536 2260 609 2321 pars
626 2225 850 2321 'perorationis
872 2235 1059 2298 accusatori
1076 2256 1136 2318 pa·
1228 2261 1230 2268 ·

131 2355 296 2428 tronoque
314 2367 353 2408 ex
372 2368 476 2430 aequo
498 2347 680 2408 cotnmunis
702 2355 761 2409 est.

115 2448 118 2455 ’
193 2445 368 2536 Α]ΙιοιιἸιιιι
391 2475 524 2538 quoque
547 2455 662 2516 iisdem
682 2457 750 2517 fere
770 2463 928 2517 utuntur:
952 2453 1009 2516 sed
1027 2452 1134 2516 rarius
1239 2439 1243 2454 l

130 2561 207 2640 hic,
231 2563 285 2624 ille
310 2563 438 2645 saepius
458 2561 627 2646 sc'magis.
658 2564 738 2623 Nam
757 2563 845 2640 huic,
865 2563 1032 2624 concitare
1048 2558 1136 2644 judi·
1182 2619 1184 2624 ,

133 2691 199 2747 ecs,
211 2652 284 2749 illi,
307 2667 449 2747 flectere,
470 2672 635 2749 conserit.
662 2674 785 2736 Verum
803 2678 1023 2733 ettaccusator
1038 2669 1135 2732 habet

132 2775 265 2837 interim
284 2779 433 2840 lacrimas
453 2799 490 2840 ex
509 2777 719 2839 miseratione
741 2775 809 2860 ejus
828 2778 896 2852 rei,
920 2799 1017 2860 quam
1033 2776 1136 2838 uleis-

132 2882 235 2943 citur:
259 2893 292 2944 et
312 2905 387 2944 reus
406 2883 662 2966 de'indignitate
682 2884 868 2945 calumniae
882 2860 1134 2966 conspirationis

132 2987 360 3051 vehementius
382 2989 516 3051 interim
541 2991 700 3072 queritur.
749 2990 904 3052 Dividere
933 2991 1034 3074 igitur
1054 2991 1136 3053 haec

130 3097 236 3158 officia
264 3097 586 3174 commodissimum,
627 3119 711 3182 quae
739 3100 933 3182 plerumque
961 3095 1059 3175 su'nt,
1098 3107 1138 3160 ut

105 3209 110 3216 '
130 3204 197 3266 dixi
214 3205 278 3282 **)‚
310 3205 478 3288 prooemio
498 3205 637 3281 similia,
669 3203 727 3268 sed
742 3207 894 3268 liberiora
911 3205 1135 3289 plenioraquc.

132 3311 309 3374 Inclinatio
324 3314 411 3374 enim
430 3311 578 3395 judicum
597 3315 639 3374 ad
655 3335 714 3374 uos
735 3315 859 3396 petitur
878 3313 974 3375 initio
991 3315 1136 3398 parcius,

132 3443 234 3504 quum
262 3422 389 3483 admitti
414 3423 491 3483 sotis
519 3433 584 3500 est,
617 3431 650 3484 et
674 3423 779 3483 oratio
801 3433 871 3484 tota
890 3434 1059 3506 superest:
1100 3423 1145 3484 in'

131 3528 258 3612 epilogo
276 3552 354 3592 vero
373 3541 442 3608 est,
478 3532 609 3614 qualem
627 3531 771 3592 animum
791 3530 888 3614 judex
906 3533 940 3593 in
962 3530 1137 3593 consilium

128 3638 234 3713 ferrat,
257 3648 289 3698 ct
308 3635 371 3721 jam
390 3638 472 3722 nillil
493 3639 632 3721 amplius
650 3639 771 3702 dicturi
790 3661 920 3719 sumus,
945 3663 1005 3702 nec
1021 3647 1135 3717 restat,

98 3793 108 3818 ,
133 3767 200 3827 quo
219 3767 394 3808 servemus.
437 3747 498 3808 Est
517 3747 618 3830 igitur
637 3747 787 3830 utrisque
806 3769 999 3828 commune,
1024 3747 1139 3811 conci-

133 3850 213 3913 liare
236 3851 315 3930 sihi,
347 3863 494 3918 avertere
513 3856 553 3916 ab
570 3853 756 3917 adversario
773 3853 939 3941 judicem,
971 3856 1138 3921 concitare
1178 3909 1181 3916 .

182 4086 208 4160 )
226 4091 266 4142 Cf.
280 4109 361 4164 supro
377 4111 404 4164 p.
403 4097 477 4148 586.
497 4102 553 4146 not.
571 4093 596 4146 3
930 4127 933 4142 ι

169 4180 207 4253 ”l
226 4185 369 4257 Respicere
384 4187 495 4241 videtur
511 4189 546 4242 sd
566 4187 584 4242 l.
602 4187 649 4244 lv.
666 4203 689 4242 e.
710 4205 731 4241 ι.
748 4189 771 4255 i.
789 4203 822 4258 η
839 4195 869 4244 et
874 4173 928 4244 '²8
