2844 4874
688 391 696 459 3
798 381 852 474 ⁷2

272 607 273 612 ¹
323 591 360 642 ut
389 603 404 640 a
431 580 614 659 sublatione
640 579 681 642 ud
706 575 905 664 positionem
927 579 1042 642 iisdem
1067 580 1115 643 sit
1142 581 1270 668 spatiis
1291 605 1353 667 pe·
1408 639 1409 644 ,

323 678 421 752 dum:
440 691 467 768 *l
497 669 739 772 inaversupro
768 687 900 776 dactylo
923 689 1089 773 peninon
1113 691 1253 774 poterit
1270 712 1353 754 nna-

323 809 456 886 paostus
484 808 541 859 aut
568 796 753 881 spondeus3
793 817 854 858 nee
878 817 982 880 paeon
1016 796 1134 860 eadem
1163 799 1307 861 ratione
1334 821 1352 858 a

321 907 474 968 brevibus
498 905 691 989 incipietur
711 889 848 968 desihet.
889 905 1003 988 Neque
1023 905 1136 968 solum
1158 905 1270 975 aliurn
1288 927 1350 990 pro

322 1013 387 1076 alio
405 1011 521 1096 pedem
538 1024 716 1074 metrorum
734 1011 819 1073 ratio
835 1032 900 1073 non
917 1011 1056 1105 recipit,
1080 1013 1144 1076 sed
1164 1036 1211 1076 ne
1229 1013 1351 1096 dacty·
1408 1019 1409 1096 f

320 1119 391 1180 lum
409 1121 543 1204 quidem
566 1130 622 1181 aut
648 1122 732 1182 forte
756 1118 937 1202 spondeum
966 1119 1104 1183 alterum
1130 1143 1197 1204 pro
1228 1121 1347 1186 altero.

320 1231 438 1310 Itaque
470 1228 496 1288 si
529 1227 676 1314 quinque
706 1225 881 1290 continuos
908 1228 1085 1315 Dactyzlos‚
1123 1240 1165 1294 ut
1198 1242 1284 1295 sunt
1312 1226 1348 1290 in
1408 1295 1409 1324 y

324 1335 403 1399 illo:

343 1481 347 1486 ’
410 1558 412 1562 ¹
454 1481 595 1540 Panditur·
613 1485 722 1542 intereo
740 1483 836 1540 domus
854 1487 1050 1558 omnipotentis
1061 1472 1204 1558 olympi,

240 1671 247 1679 ι
325 1629 526 1708 confundas,
550 1629 688 1691 solveris
707 1651 849 1694 versum.
890 1631 981 1708 Sunt
995 1639 1027 1692 et
1043 1629 1108 1689 alia
1127 1629 1343 1708 discrimina,
1408 1617 1409 1684 l

213 1726 216 1731 ¹
322 1736 413 1819 quod
425 1735 584 1821 rhythmis
604 1737 706 1798 libera
726 1739 830 1820 spatia
850 1738 961 1804 matris
982 1722 1073 1798 finita
1090 1750 1197 1818 sunt,
1233 1749 1269 1800 et
1290 1736 1341 1796 his
1408 1803 1409 1810 ἵ

323 1837 433 1908 certae
454 1844 639 1922 clausulae,
664 1844 731 1923 illi,
755 1867 821 1928 quo
843 1845 939 1906 modo
965 1854 1164 1928 coeperant,
1197 1854 1342 1909 currunt

1408 1929 1409 1954 l

322 1949 485 2035 usquead
502 1951 710 2034 μεταβολὴν,
744 1951 844 2016 idest
863 1951 1040 2016 transitum
1059 1951 1094 2011 in
1116 1951 1221 2014 alind'
1237 1971 1339 2038 genus
1408 1963 1409 2036 t

321 2057 465 2142 rhythmi
477 2065 498 2133 ;'
521 2069 554 2122 et
571 2059 661 2142 ‘quod
679 2055 818 2126 metrum
836 2059 873 2120 in
893 2059 1001 2124 verhis
1020 2057 1141 2137 m0d0,'
1160 2059 1338 2144 rhythmus

298 2167 423 2230 etiam
450 2166 485 2229 in
519 2166 665 2250 eorporis
696 2169 788 2230 motu
817 2151 876 2229 est.
909 2203 949 2218 -
979 2199 1018 2216 -·
1052 2201 1090 2216 --
1149 2168 1337 2230 Collocatio

322 2285 432 2338 autem
447 2275 545 2338 rerba
559 2274 622 2360 jam
641 2275 798 2358 probata,
829 2283 863 2337 et
881 2275 986 2338 electa
1000 2287 1034 2346 et
1050 2275 1147 2341 uelut
1163 2277 1337 2361 adsignata

322 2382 385 2443 sibi
411 2381 507 2449 debet
533 2390 753 2458 connectere3
792 2379 940 2446 nam‘vet
966 2381 1047 2462 ‹lu'ra
1072 2383 1164 2446 inter
1187 2407 1222 2447 se
1237 2407 1338 2447 ¹oom-

321 2487 420 2548 missa
437 2489 566 2570 potiora
582 2500 659 2551 sunt
673 2463 857 2552 inutilibus.
901 2491 1024 2552 Tamen
1041 2491 1215 2580 eteligere
1232 2512 1335 2576 quae·

322 2594 398 2658 dam
416 2595 493 2656 dum
515 2594 633 2672 exiis3
662 2617 746 2680 quae
765 2597 852 2660 idem
872 2586 1079 2682 significent,
1115 2585 1334 2684 atqueidem

229 2686 237 2692 ι
322 2701 472 2779 valeant,
501 2701 704 2788 permiserim
727 2712 759 2765 et
780 2701 938 2789 adjioere,
962 2704 1038 2766 dum
1059 2725 1128 2766 non
1151 2707 1278 2786 otiosa,
1301 2714 1333 2766 et

324 2805 512 2886 detrahere,
534 2810 613 2872 dum
632 2833 697 2873 non
721 2813 918 2894 necessaria:
942 2812 998 2896 sad
1017 2824 1053 2910 et
1070 2811 1184 2895 figuris
1204 2823 1331 2874 mutare

324 2928 358 2981 et
376 2913 483 2985 *casus
514 2928 546 2985 et
576 2941 748 2998 numeros,
782 2943 926 3010 quorum
959 2920 1098 3005 yarietas
1135 2923 1331 3007 frequenter

324 3027 428 3110 gratia
449 3019 694 3112 compositidnis
713 3027 860 3109 adscita,
884 3029 980 3093 etiam
999 3027 1069 3092 sine
1089 3050 1228 3091 numero
1246 3028 1329 3090 solet

323 3157 395 3200 esse
412 3135 567 3222 jusunda.
608 3138 718 3199 Etiam
735 3137 793 3204 vuhi
816 3135 906 3203 aliud
926 3136 1033 3216 ratio,
1068 3133 1160 3200 aliud
1188 3157 1329 3204 eonsue-

324 3243 405 3306 tudo
425 3246 552 3330 poscit,
585 3255 697 3322 utrum
716 3225 825 3324 volet,
845 3256 954 3311 sumat
976 3245 1187 3327 compositio:
1235 3247 1326 3310 Vita-

322 3355 407 3415 nissa
417 3397 431 3427 ,
469 3355 524 3416 vel
553 3352 671 3416 vitasse
682 3401 695 3430 ,
735 3353 975 3442 Deprehendens
986 3398 999 3429 ,
1038 3354 1093 3414 uel
1120 3352 1326 3440 deprendere.

285 3467 287 3483 ⁴
323 3461 437 3526 Coitus
461 3461 564 3548 'etiam
591 3462 788 3550 syllabarum
822 3481 888 3525 nou
917 3461 1062 3544 negab0‚
1097 3468 1132 3522 et
1161 3455 1324 3544 quidquid

337 3639 676 3658 ”W

357 3736 383 3812 *l
400 3737 501 3818 Ἄρσιν
526 3750 554 3796 st
579 3741 661 3802 θέσιν
682 3725 787 3798 'Graeci
810 3731 956 3816 dixerantff
982 3749 1079 3812 eaque
1104 3741 1142 3788 ut
1174 3741 1204 3787 et
1233 3735 1322 3808 ipsum

409 3833 487 3904 pedis
504 3853 604 3890 nomen
621 3853 637 3888 a
656 3827 815 3891 saltantium
833 3831 951 3886 motibus
971 3829 1158 3900 deduxerant:
1185 3845 1208 3882 v.
1229 3848 1252 3896 g.
1272 3829 1320 3900 qui

409 3928 532 3996 dactylos
550 3931 633 3987 saltat
651 3932 706 3984 duo
724 3940 846 4000 tempora
864 3928 892 3982 in
911 3923 1066 3978 sublatione
1082 3920 1159 3994 podis
1174 3923 1318 3992 consumit.

409 4021 524 4105 totidem
543 4025 571 4080 in
589 4025 733 4104 positione.
771 4025 882 4078 Gesner.
