2890 4866
601 403 687 482 aaa
718 355 721 364 ’

143 611 283 695 ornent,
307 603 364 666 sed
382 603 470 688 quod
490 603 664 668 excellant.
685 623 688 632 ¹
705 601 828 668 Eadem
845 603 929 666 ratio
947 612 996 668 eet
1013 602 1144 684 horum,
1175 567 1181 600 ⁸
1219 679 1221 682 Ι

137 733 229 794 ¹quae
245 723 322 774 eunt
337 712 495 775 orationis
511 713 652 790 lumina,
678 725 710 776 et
728 713 967 796 quodammodo
988 711 1145 794 insigniar

144 839 221 880 cum
239 829 295 881 aut
316 820 547 903 duplicantur,
572 821 799 904 iteranturque
820 822 937 898 verba,
961 831 1017 882 aut
1036 818 1147 882 brevi-

83 934 87 940 '
143 935 414 1008 tencommutata
434 939 625 1012 ponuntur,
659 940 716 991 eut
737 930 775 990 ab
796 913 1032 991 eodem'verho
1052 927 1147 990 duci·
1225 949 1228 956 ·

143 1043 200 1095 tur
227 1037 354 1118 saepius
377 1037 502 1115 oratio,
537 1047 593 1098 eut
621 1037 655 1100 iu
683 1037 768 1100 idem
796 1033 993 1119 conjicitur,
1027 1046 1083 1096 aut
1111 1036 1146 1098 iu

145 1144 344 1225 utrumque,
378 1152 434 1202 aut
455 1143 645 1228 adjungitur
667 1144 753 1208 idem
774 1145 948 1217 iteratum,
980 1143 1147 1206 antidana
1196 1129 1198 1140 ¹

143 1249 185 1310 ad
206 1259 386 1312 extremum
404 1254 564 1328 refertur,
586 1265 642 1316 aut
661 1254 873 1316 continenter
890 1275 992 1314 unum
1010 1253 1147 1316 verbum

143 1379 211 1419 uon
242 1358 276 1419 iu
305 1358 417 1422 eadem
438 1360 599 1420 sententia
621 1361 776 1443 penitere
817 1369 876 1422 aut
899 1383 974 1422 cum
996 1359 1149 1422 similiter

142 1466 196 1528 vel
225 1467 348 1528 cadunt
372 1468 485 1544 verba,
524 1468 575 1529 vel
605 1467 780 1546 desinunt,
814 1479 871 1530 aut
901 1465 1014 1530 multis
1042 1466 1148 1533 modia

144 1575 319 1664 contrariis
339 1573 440 1636 relata
456 1575 635 1637 contraria:
669 1587 726 1637 aut
747 1597 820 1636 cum
843 1575 1001 1658 gradatim
1018 1596 1149 1639 sursum

143 1703 258 1742 versus
277 1681 421 1746 rediture
444 1677 499 1745 aut
519 1705 593 1742 cum
611 1683 728 1744 derntis
747 1681 1059 1766 conjunctionibus,
1082 1682 1150 1743 die·

144 1790 251 1852 solute
267 1789 361 1874 plura
380 1791 557 1854 dicuutur:
580 1803 636 1854 aut
653 1813 728 1854 eum
744 1789 871 1874 aliquid
889 1799 1147 1872 praetereuntes,

143 1919 204 1959 cur
234 1898 268 1958 id
292 1898 730 1978 faciamue‚·0stendimus,
765 1921 825 1961 cur
850 1909 925 1959 c'um
954 1898 1148 1980 corrigimus

143 2006 380 2088 nosmetipsos,
405 2008 499 2090 quari
517 2007 812 2092 reprehendentes:
843 2016 901 2067 aut
922 2005 949 2066 si
970 2015 1020 2067 est
1039 2005 1151 2088 aliqua

142 2113 335 2176 exclamatio
366 2116 417 2176 vel
449 2104 675 2179 admirationis
712 2114 763 2178 vel
792 2113 1151 2196 conquestionisz'aut

147 2241 224 2282 cum
262 2221 408 2306 ejusdem
448 2223 591 2286 nominis
628 2217 886 2310 casce-saepius
920 2230 1149 2284 commutatur·

147 2333 309 2414 (c.59.§.
333 2333 493 2416 131seq.)

183 2462 185 2472 ’
207 2439 365 2522 Sequitur
385 2426 498 2522 (ergo)
521 2450 576 2519 ut,
602 2439 660 2524 qui
678 2425 821 2504 maxime
839 2439 958 2502 cadant
978 2439 1012 2500 in
1036 2437 1152 2502 cratio-

146 2567 222 2608 nem
246 2557 353 2630 aptam
373 2548 523 2626 numeri,
556 2550 735 2614 videndum
757 2550 810 2611 eit.
849 2549 934 2612 Sunt
955 2545 1153 2640 enim‚·qui

146 2655 323 2740 iambicum
341 2667 476 2741 putent,
511 2659 599 2743 quod
618 2659 660 2720 sit
679 2657 820 2720 crationi
843 2655 1048 2723 simillimae:
1077 2673 1154 2739 'qua

148 2765 304 2826 de'causa
321 2747 463 2841 lierisut
479 2770 505 2829 ie
524 2767 732 2850 potissimum
750 2775 884 2850 propter
902 2765 1154 2829 similitudinem

64 2945 66 2950 Ι
148 2873 520 2958 veritatisadhibeatur
546 2874 580 2935 in
604 2875 747 2945 fabulie;
783 2874 873 2955 quod
890 2874 944 2936 ille
968 2874 1153 2958 dactylicus

150 2999 305 3042 numerus
319 2979 580 3044 hexametrorum
597 2980 896 3063 magniloquentiae
913 2981 957 3044 ait
972 2981 1155 3056 accommo-

150 3087 266 3148 datior.
308 3088 459 3171 Ephorus
479 3099 609 3163 autern,
632 3087 722 3150 levis
745 3088 815 3171 ipae
837 3099 966 3166 orator,
997 3088 1054 3150 sed
1076 3109 1154 3172 pro-

148 3198 255 3260 fectus
284 3218 329 3258 cx
355 3198 476 3280 optimu
504 3196 700 3279 disciplina,
740 3217 865 3279 paeona
891 3197 1064 3279 sequitur,
1098 3205 1155 3260 aut

82 3283 93 3296 ,
150 3305 330 3388 dactylum:
352 3307 437 3388 fugit
453 3305 758 3389 autemspondeum
774 3315 807 3366 et
821 3303 1022 3367 trochaeum.
1057 3302 1155 3388 Quod

152 3414 240 3477 enim
258 3436 358 3499 paeon
376 3413 491 3476 habeat
511 3424 575 3476 tres
589 3416 725 3489 breves,
758 3413 907 3497 dactylus
925 3423 1033 3475 autem
1052 3412 1154 3490 duae,

150 3522 311 3585 brevitate
347 3533 381 3594 et
409 3522 576 3585 celeritate
607 3523 806 3605 syllabarum
842 3521 905 3582 labi
932 3529 1027 3604 putat
1056 3520 1155 3582 rerba

151 3631 347 3716 proclivius:
371 3639 553 3712 contraque
566 3631 715 3693 accidere
731 3631 764 3692 in
781 3629 926 3713 spondeo
941 3639 973 3690 et
988 3629 1156 3704 trochaeo,

152 3739 242 3824 quod
261 3739 345 3801 alter
363 3738 469 3822 longis
491 3748 679 3840 constaret,
720 3739 802 3800 alter
826 3761 842 3800 e
866 3737 1021 3800 brevibus
1043 3737 1153 3799 fieret:

151 3849 287 3909 alteram
312 3846 410 3908 nimis
434 3847 629 3923 incitatam,
664 3847 799 3908 alteram
821 3845 917 3908 nimie
936 3846 1064 3908 tardam
1086 3867 1156 3908 ora·
1214 3899 1217 3904 .

151 3959 295 4032 tionem,
323 3939 473 4018 neutrain
490 3965 712 4038 temperatam.
754 3954 818 4018 Sed
837 3965 871 4017 et
893 3953 941 4016 illi
961 3956 1086 4039 priores
1104 3974 1155 4016 ec-

151 4075 244 4144 rant,
275 4075 308 4130 et
334 4064 486 4150 Ephorus
514 4063 549 4126 in
579 4063 675 4150 culpa
701 4073 768 4138 est;
804 4084 880 4126 uam
898 4064 1006 4148 etqui
1029 4079 1154 4148 paeone
1245 4125 1249 4137 .
