2902 4866
751 427 837 503 450

734 633 763 704 i·
790 627 857 694 72.

467 757 501 838 b)
541 757 590 822 De
611 757 710 820 modo
733 769 767 822 et
787 713 922 822 muteris
944 753 1121 820 scribendi.

533 975 536 978 .
582 931 701 1001 penei
736 917 1014 1004 (nussum.)
1073 1006 1078 1016 .

356 1049 424 1116 Sed
447 1043 523 1116 cuin
548 1051 593 1114 sit
619 1049 740 1134 duplex
769 1049 943 1134 quaestio,
974 1047 1135 1136 quomodo
1161 1057 1196 1112 et
1218 1067 1299 1135 quse

296 1160 434 1222 maxime
466 1157 566 1222 scribi
593 1169 762 1242 oporteat,
796 1151 861 1240 je'm
887 1155 967 1220 binc
989 1155 1141 1218 ordinem
1167 1177 1301 1240 scqner.

296 1267 348 1330 Sit
364 1267 468 1350 primo
486 1265 690 1342 vellardus,
720 1265 798 1327 dum
818 1263 980 1347 diligens,
1011 1263 1126 1325 stilus:
1161 1278 1301 1347 quaere-
1351 1293 1356 1300 ·

299 1394 374 1434 snus
387 1372 521 1455 ‘optima
545 1393 607 1434 nec
630 1372 781 1453 protinus
802 1370 1014 1434 offerentibus
1032 1393 1067 1434 se
1085 1370 1300 1453 gendenmnse

297 1479 490 1542 adhibentur
518 1476 678 1562 judicium
706 1478 869 1555 inventis,
902 1477 1076 1562 dispositio
1098 1478 1242 1561 probetis
1261 1478 1300 1555 *).

297 1567 454 1648 Deiectus
482 1585 570 1650 enim
602 1607 711 1648 rerum
740 1586 982 1670 verborumque
1011 1588 1155 1669 agendus
1180 1595 1231 1647 est
1266 1595 1301 1646 et

299 1693 445 1777 pondera
471 1693 677 1776 singnldrum
706 1693 927 1784 examinanda.
981 1697 1060 1758 Post
1079 1695 1193 1758 subeat
1217 1694 1303 1756 ratio

300 1799 504 1874 collocpndir
536 1812 712 1872 versentur
741 1801 830 1864 omni
859 1803 954 1866 modo
985 1801 1135 1864 numeri:
1174 1823 1239 1864 non
1264 1811 1303 1863 ut

301 1907 456 1992 quodque
480 1929 514 1970 se
537 1909 680 1990 proferet
690 1897 833 1970 'verbum
845 1953 855 1987 ‚
885 1918 1029 1992 occupet
1046 1897 1168 1971 toe'um.
1209 1912 1304 1988 Quae

301 2015 435 2099 quidem
451 2025 492 2080 ut
511 2013 699 2102 diligentins
719 2037 919 2100 exequemur
930 2061 940 2096 ,
972 2017 1149 2100 repetenda
1171 2015 1302 2099 saepius

302 2133 401 2190 erum
427 2122 625 2207 scriptorum
652 2125 809 2207 proxime.
861 2126 942 2188 Nem
964 2133 1095 2208 praeter
1121 2123 1173 2202 id,
1214 2122 1305 2208 quod

301 2231 350 2296 sic
370 2229 486 2293 melius
504 2228 687 2314 junguntur
705 2231 868 2316 prioribus
890 2232 1079 2314 sequentia,
1111 2232 1203 2296 calor
1219 2253 1306 2315 quc-

302 2360 369 2422 que
386 2338 441 2402 ille
462 2339 691 2422 cogitationis,
716 2339 773 2424 qui
794 2339 961 2404 scribendi
977 2361 1066 2403 more
1084 2340 1231 2416 refrixit,
1252 2361 1307 2402 re-

302 2446 387 2532 cipit
406 2465 445 2509 ex
465 2446 593 2530 integro
623 2447 709 2510 vires
731 2458 765 2512 ct
784 2447 876 2512 velut
899 2447 1042 2532 repetito
1069 2449 1176 2532 spatio
1203 2446 1307 2510 sumit

304 2553 478 2639 impetum:
513 2553 659 2635 quod·in
682 2531 860 2618 certamine
881 2555 1018 2619 ssliendi
1039 2556 1111 2618 fieri
1139 2555 1305 2634 videmus,
1340 2578 1344 2588 ·

305 2674 344 2732 ut
363 2672 517 2730 conatum
532 2660 662 2743 longius
678 2672 793 2743 petunt
809 2670 841 2723 et
860 2660 900 2722 ed
917 2663 1000 2724 illud
1016 2663 1117 2741 alind,
1142 2671 1208 2746 quo
1227 2683 1309 2724 con-

304 2765 453 2832 tenditur
473 2768 632 2852 spatium,
657 2790 756 2830 cursu
771 2770 934 2842 ferantur:
958 2779 1062 2854 utque
1081 2771 1114 2833 in
1133 2770 1306 2856 jaculando

266 2873 438 2979 ,brechia
456 2875 643 2938 reducimus
663 2887 697 2940 et
717 2875 884 2960 expulsuri
903 2875 968 2939 tela
990 2899 1107 2941 nervos
1128 2889 1217 2941 retro
1238 2887 1308 2940 ten·

306 2984 422 3047 dimus.
465 2983 599 3046 Interim
621 2993 752 3064 temen,
788 2986 920 3048 sileret
944 2979 1064 3064 llutus,
1099 2986 1204 3048 dende
1229 2993 1307 3048 s'nnt
1337 2979 1340 2986 “

111 3146 114 3153 .
226 3165 231 3184 Ι
305 3091 401 3171 vela,
435 3092 513 3156 dum
536 3113 597 3154 nos
625 3092 827 3176 indulgentis
851 3093 907 3153 illa
940 3115 1005 3165 non
1031 3093 1132 3157 fellat.
1185 3095 1307 3156 Omnia

307 3199 396 3264 enim
421 3206 550 3279 ndstreffi
581 3200 657 3262 dum
683 3212 881 3277 nascuntur,
913 3202 1066 3286 placent:
1097 3203 1221 3286 alioqui
1245 3226 1306 3266 nec

307 3309 540 3373 scriberentur.
562 3303 565 3312 ’
582 3307 647 3370 Sed
664 3308 833 3372 redeamus
852 3289 1076 3394 adjudicium
1094 3321 1127 3372 et
1149 3320 1308 3373 retrecte-

307 3436 381 3478 mus
400 3396 586 3500 suspectum
608 3414 812 3479 facilitatem.
853 3416 907 3480 Sic
928 3417 1098 3500 scripsisse
1111 3417 1308 3509 ‘Sallustium

324 3577 662 3598 uuus—n--n—-n-

345 3687 373 3762 ')
399 3689 440 3744 Ci.
454 3691 622 3747 Plutarchus
636 3693 667 3746 in
678 3692 804 3756 Pericle,
830 3691 879 3746 ubi
891 3692 961 3748 haee
975 3693 1072 3751 docet:
1105 3699 1140 3754 Ἦ
1153 3701 1208 3769 γὰρ
1223 3699 1253 3754 ἐν
1266 3703 1309 3774 τῷ

293 3791 297 3798 ’
324 3775 328 3782 ’
380 3791 650 3880 ,ποκτνὶιύχέρεια
669 3793 722 3843 καὶ
739 3790 874 3859 ταχύτης
897 3791 954 3846 ov's
977 3791 1109 3858 inibunt
1130 3793 1219 3869 βάρος
1238 3789 1309 3869 ἔργῳ

394 3879 541 3954 μόνιμον,
568 3879 641 3938 octe
656 3880 789 3950 κάλλους
804 3880 966 3957 ἀκρίβειαν·
992 3887 1010 3941 ὀ
1032 3882 1058 3941 d'
1078 3892 1118 3954 εἰς
1132 3887 1187 3951 ris
1199 3889 1307 3955 γένεσιν

394 3979 436 4052 τῷ
449 3976 529 4050 πόνῳ
547 3973 771 4052 προσδανισθεὶς
786 3982 894 4055 χρόνος
913 3981 944 4036 is
963 3984 1003 4054 sd
1017 3982 1144 4060 σωτηρίᾳ
1156 3988 1214 4042 τοῦ
1227 3997 1306 4069 γινοῇ

395 4073 488 4147 μένου
504 4073 559 4138 sels
573 4075 663 4141 ἰσχὺν
677 4069 862 4131 dnodldocss·
1311 4079 1315 4088 “
