2844 4874
313 617 474 686 utuntur,
495 598 629 670 virtutis
647 617 754 669 tamen
772 606 823 667 llis
843 625 961 668 nomen
979 605 1158 690 imponant.
1200 607 1326 684 anr‘e

313 738 409 780 nemo
431 736 470 778 ex
486 709 648 798 corrup'tis
667 715 822 794 *)·dicat‚
857 735 908 776 me
932 713 1101 776 inimicum
1128 733 1198 776 esse
1223 715 1325 777 culte

313 823 509 888 dicentibus.
528 851 530 858 ·
551 826 624 885 Non
648 844 729 904 nego
753 822 839 906 hanc
865 843 934 884 esse
953 819 1133 900 virtutem,
1166 821 1222 884 sed
1245 821 1322 882 illis

313 937 384 996 eam
405 957 469 995 non
491 934 609 996 tribuo.
653 932 705 992 An
731 953 789 1014 ego
815 931 954 992 fundum
980 931 1155 1033 cultiprem
1177 939 1321 1014 putem',

116 1022 119 1046 ¹
172 1051 183 1085 ¹*
274 1041 348 1103 .in
367 1063 433 1124 quo
449 1041 535 1102 -mihi
553 1039 629 1122 quis
647 1038 936 1118 ostenderit-lilia,
960 1050 993 1102 et
1010 1039 1133 1116 violas,
1158 1047 1190 1100 et
1205 1025 1324 1098 amoe-

310 1164 373 1211 nos
402 1151 511 1210 fontes
539 1155 731 1230 surgentes,
753 1169 864 1230 'quam
888 1147 943 1207 ubi
957 1147 1063 1231 „plenu
1085 1147 1199 1208 messis
1212 1169 1223 1222 ,·
1257 1157 1324 1208 aut

313 1275 425 1342 graves
444 1257 558 1317 fructa
570 1229 657 1316 ‘vites
679 1257 798 1317 erunt?
831 1255 980 1349 sterilem
998 1256 1166 1340 platanum
1184 1266 1323 1316 tonsas-

264 1380 282 1446 ᾖ
314 1385 379 1448 que
402 1373 544 1446 myrtos,
581 1384 680 1444 quam
707 1340 856 1426 maritam
883 1361 1005 1423 ulmum
1029 1374 1062 1426 et
1086 1363 1201 1426 uberes
1225 1361 1320 1423 oleas

220 1456 225 1465 ¹
311 1470 594 1555 praeoptaverim?
634 1471 783 1532 Habeant
812 1471 868 1531 illa
899 1470 1040 1546 divites;
1063 1471 1169 1548 [licet.
1224 1471 1320 1548 Quid

312 1587 443 1655 essent,
467 1577 496 1638 si
511 1577 600 1640 uliud
617 1579 900 1658 nihilhaberentl
941 1578 1101 1640 Nullusne
1120 1599 1195 1661 ergo
1216 1577 1319 1642 etiam

306 1685 492 1748 fructiferis
510 1685 713 1748 adhibendus
735 1697 785 1748 est
805 1686 928 1754 decorel
964 1686 1046 1764 Quis
1070 1688 1190 1771 negat?
1232 1689 1319 1749 Nam

308 1805 346 1870 ct
367 1795 402 1856 iu
422 1781 571 1856 ordinem
595 1803 751 1878 certeque
766 1792 937 1856 intervalla
956 1793 1098 1876 redigam
1116 1817 1201 1858 meas
1219 1795 1319 1856 arho-

206 1905 225 1986 J
310 1898 378 1966 res.⁴
423 1881 638 1982 Quid'enim
667 1901 918 1984 illoquicunce
945 1891 1149 1984 speciosius,
1193 1903 1316 1986 quiin

255 2091 260 2098 .
311 2017 546 2094 quamcunque
576 2020 702 2092 partem
728 2009 949 2094 spectamus,
988 2020 1099 2071 rectus
1125 2011 1199 2072 est?
1249 2011 1317 2072 Sed

296 2100 462 2200 ⁸protinus
498 2106 531 2180 in
558 2118 592 2179 id
625 2140 758 2204 quoque
784 2115 916 2202 prodest
927 2153 954 2195 ‚.
979 2127 1027 2178 ut·
1042 2127 1148 2179 terrae
1177 2138 1317 2180 succum

310 2226 494 2310 aequaliter
506 2229 648 2290 trahant.
678 2227 849 2307 surgentia
865 2227 898 2286 in
912 2227 1015 2288 altum
1029 2225 1201 2287 cacumina
1212 2225 1316 2302 oleae,

308 2336 397 2397 ferro
416 2325 603 2408 *coerceb03
642 2336 675 2396 in
706 2335 818 2412 orbem
846 2351 879 2394 se
907 2332 1082 2396 formosius
1109 2333 1247 2410 fundet,
1281 2345 1328 2402 et.
1417 2401 1418 2426 p

309 2441 466 2524 protinus·
498 2443 644 2504 fructum
673 2439 772 2502 ramis
804 2439 954 2524 pluribus
989 2435 1084 2504 feret.
1137 2441 1316 2504 Decentior

311 2570 438 2632 equus3
467 2547 564 2631 'eujus
591 2549 746 2610 adstricta
775 2547 841 2608 sint
867 2548 942 2621 iliu3
976 2549 1136 2613 sedidem
1156 2551 1314 2613 velocior.
1394 2621 1399 2628 .

254 2640 259 2666 ¹
309 2657 454 2721 Pulcher
482 2656 639 2738 adspectu
667 2658 709 2717 sit
733 2655 873 2730 athleta,
913 2653 1007 2740 cujus
1030 2653 1169 2720 lacertos
1190 2660 1316 2721 exerci-

252 2757 278 2783 ”
310 2767 410 2831 tutio
418 2766 595 2849 expressit;
629 2764 713 2826 idem
740 2763 910 2826 certamini
932 2766 1086 2848 paratior.
1128 2769 1315 2849 Numquam

220 2873 222 2878 ’
286 2896 389 2940 vera
414 2872 539 2957 species
566 2872 605 2931 ab
629 2840 773 2934 utilitate
801 2870 969 2932 dividitur.
1011 2875 1075 2935 Sed
1097 2874 1159 2938 hoc
1181 2875 1315 2958 quidem

314 2981 499 3082 discernere
519 2979 640 3040 modici
659 2976 774 3068 judicii
794 2991 851 3042 est.
894 2979 979 3041 Illud
999 2983 1226 3046 observatione
1246 2982 1277 3042 d
1268 3007 1316 3067 g

301 3091 407 3168 nius,
440 3088 528 3172 quod
554 3087 646 3185 hic
639 3109 707 3170 ipse
731 3088 890 3150 honestus
918 3100 1052 3152 ornatus
1078 3113 1137 3174 pro
1162 3090 1313 3154 materiae

315 3220 432 3282 genere
461 3196 558 3260 debet
584 3215 652 3260 esse
682 3195 836 3257 variatus.
860 3233 898 3244 --
919 3232 961 3246 --
1003 3198 1046 3259 Et
1071 3219 1225 3282 quomam
1242 3220 1314 3260 ora

319 3331 676 3352 ..m-...a-

356 3402 382 3472 Ἴ
399 3405 447 3457 Er
463 3402 620 3474 corruptis,
639 3402 668 3455 id
687 3411 746 3465 est,
766 3402 817 3466 iis,
835 3403 886 3476 ,qui
902 3403 985 3455 nimiu
1003 3412 1113 3456 ornatus
1131 3404 1313 3458 adfectatione

403 3482 507 3570 (ipuoud
521 3495 717 3566 elocutionem)
733 3498 852 3568 corrupti
863 3507 939 3550 sum.
967 3497 1007 3551 Cf.
1025 3498 1043 3551 l.
1057 3501 1092 3552 ll.
1108 3515 1132 3555 c.
1146 3503 1169 3553 3.
1187 3497 1207 3571 §.
1224 3517 1249 3569 9.
1267 3500 1312 3552 ubi

402 3591 473 3646 haee
491 3601 653 3647 occurrunt:
673 3593 741 3644 Nam
754 3591 891 3656 tumidos,
913 3604 941 3646 et
957 3603 1113 3664 corruptos,
1134 3605 1162 3648 ct
1176 3594 1310 3658 tinnulos,

405 3696 435 3741 et
453 3705 622 3760 quocunque
648 3687 702 3740 alio
728 3689 883 3742 cacozeliae
908 3683 1005 3757 genere
1022 3699 1183 3760 peccantes,
1211 3699 1312 3768 certum
1335 3705 1337 3708 ·

403 3781 510 3847 habeo,
531 3801 586 3836 non
605 3784 701 3858 virium
718 3784 766 3836 sed
785 3785 1033 3838 infirmitatisvitio
1051 3784 1188 3838 laborare:
1209 3795 1239 3838 ut
1257 3803 1313 3838 cor-

334 3906 338 3916 =
403 3894 469 3950 pora
485 3859 666 3943 conrobora,
685 3879 734 3932 sed
747 3879 907 3934 valetudine
922 3880 1054 3934 tradantur
1070 3889 1100 3932 et
1112 3878 1186 3934 ricto
1199 3881 1313 3936 intinere

404 3972 474 4046 lapsi
497 3971 662 4046 plerumque
687 3974 843 4038 devertunt.
867 3975 942 4028 'Erit
965 3993 1026 4043 ergo
1052 3973 1192 4030 obscurior
1215 3975 1311 4039 etism,

407 4086 464 4142 quo
485 4067 604 4139 quisque
627 4067 756 4124 deterior.
1258 4081 1261 4084 “

526 4311 540 4342 d
