2888 4876
633 457 671 506 ¹1

269 685 271 694 ¹
351 617 400 680 De
421 617 607 684 elocutione
628 621 813 686 dramatico.
855 625 879 707 5.
902 625 952 704 46.

158 699 240 783 esp.
255 697 309 762 nt
351 704 399 765 De
417 721 528 784 genere
541 725 677 848 poeseos
698 709 894 788 enuntiativo
915 709 1102 796 (ἐξηγητικῷ
1122 731 1148 775 e.

410 787 539 868 ἀπαγγε
561 791 665 870 τικῷ).

353 867 401 931 De
423 869 525 954 lyrica
545 872 646 952 poesi.
687 873 712 953 5.
732 873 783 951 46.

349 949 397 1014 De
418 951 510 1036 poesi
532 952 704 1017 didacticn.
744 959 768 1038 5.
789 959 840 1040 47.

154 1033 236 1116 Cap.
256 1033 313 1099 Ν.
354 1035 402 1098 De
420 1057 540 1178 ptinere.
549 1059 680 1122 poeseos
698 1043 856 1105 communi
869 1064 894 1104 s.
909 1045 1011 1108 mento
1032 1050 1148 1130 (κοινῷ

405 1139 445 1181 ve
504 1126 612 1182 ικτῶ.

349 1200 397 1263 De
419 1125 602 1285 epossoeia.)
625 1207 648 1286 5.
669 1203 721 1284 46.
837 1221 838 1226 ’

348 1283 396 1346 De
416 1285 507 1368 poesi
527 1285 688 1351 bucolica.
729 1291 754 1372 5.
775 1291 827 1375 49.

419 1448 465 1523 Β.
515 1449 573 1526 De
597 1457 678 1526 orte
702 1453 893 1530 rhetorico.

636 1611 662 1670 1.

258 1725 309 1786 De
329 1737 394 1786 orte
415 1725 572 1789 rhetorica
592 1748 617 1786 s.
635 1728 786 1813 prosaico
805 1729 846 1790 in'
862 1708 1047 1792 universum]

152 1829 230 1916 Cap.
267 1831 293 1892 1.
334 1833 384 1895 De
404 1834 572 1896 rhetorices
592 1836 741 1910 notione,
749 1835 823 1916 fine
843 1851 873 1900 et
893 1839 1034 1902 utilitate.

153 1941 232 2020 Cap.
255 1939 293 2000 ΙΙ.
337 1941 387 2002 De
404 1943 578 2006 elocutione
594 1944 751 2008 rhetorico
766 1967 791 2007 s.
811 1949 959 2028 prosaico
975 1950 1011 2010 in
1022 1965 1142 2030 genere.

624 2087 664 2150 11.

151 2200 199 2260 De
226 2205 293 2262 arse
320 2201 475 2264 rhetorico
504 2203 539 2260 in
558 2202 686 2296 specte,
713 2200 777 2258 sive
796 2195 838 2260 de
855 2221 970 2286 prosae
989 2207 1141 2270 orationis

566 2292 728 2344 vorretate.

156 2389 233 2480 βαρ..
250 2395 276 2455 Ι.
317 2397 367 2455 De
384 2413 495 2474 genere
516 2393 666 2456 oratorio.

339 2477 388 2538 De
411 2476 488 2538 artis
510 2473 671 2622 oragoriae
691 2473 821 2556 indole,
843 2472 909 2538 fine
930 2483 1030 2562 atque
1049 2475 1140 2541 stitt-

336 2625 338 2632 y
380 2567 474 2628 tate.
533 2603 541 2618 .
584 2579 614 2640 9.
805 2631 807 2638 Ι

339 2644 387 2706 De
409 2642 489 2704 artis
511 2561 671 2706 irrisoriae
690 2642 878 2728 partitione.
918 2643 943 2724 ς.
964 2642 1015 2705 60.

390 2729 419 2802 a)
443 2725 537 2787 Circa
558 2728 732 2790 materiam.
915 2730 917 2736 '

386 2809 421 2890 b)
442 2809 536 2872 Circa
556 2809 702 2871 formam.

338 2893 386 2956 De
411 2893 613 2956 inventione.
654 2893 676 2972 5.
698 2893 749 2954 61.

388 2979 417 3054 a)
445 2977 493 3039 De
522 2975 618 3035 rebus
648 2973 853 3040 inveniendis
886 2973 991 3058 deque
1019 2973 1141 3060 proba3

446 3060 575 3122 tionum
597 3056 785 3121 diversitate
807 3061 841 3120 in
859 3079 978 3140 genere.

388 3141 422 3219 b)
443 3143 491 3204 De
509 3143 604 3222 rebns
621 3140 826 3206 inveniendis
838 3143 996 3228 inspecte,
1017 3139 1083 3220 eise
1095 3138 1136 3203 de

442 3225 526 3290 locis
544 3225 806 3310 uniuscnjusque
818 3223 1135 3308 cansarumgenerie.
1159 3275 1161 3280 ,

218 3361 222 3366 .
334 3311 383 3373 De
404 3306 628 3393 dispositione.
669 3311 694 3391 5.
714 3303 767 3371 62.

385 3399 415 3474 a)
436 3395 484 3455 De
507 3392 659 3480 exordior

383 3478 415 3559 b)
436 3478 485 3539 De
514 3475 700 3558 narratione
709 3473 972 3559 ,propositione
1005 3482 1038 3540 et
1059 3497 1134 3560 par-
1206 3513 1208 3520 ‹

443 3559 572 3622 titione.
747 3615 749 3624 .
1036 3557 1040 3566 ’

384 3647 413 3722 ο)
434 3645 483 3705 De
506 3639 795 3726 argumentatione.

384 3727 415 3806 d)
435 3728 483 3790 De
506 3726 631 3810 epilogo
653 3745 676 3784 s.
698 3719 915 3809 peroratione.

331 3809 381 3873 De
402 3809 589 3872 elocutione
611 3807 761 3870 oratoria.
803 3806 826 3886 ς.
848 3806 899 3868 65.

135 3943 217 4030 Cep.
241 3943 280 4004 11.
322 3943 371 4004 De
391 3943 520 4030 reliquis
542 3943 617 4002 ortis
636 3941 801 4025 prosaicae
819 3940 989 4020 generibus.

332 4051 381 4125 De
401 4079 519 4143 genere
540 4057 712 4124 didactioo.
753 4056 777 4138 S.
798 4052 848 4132 64.
