2844 4874
281 621 355 700 his,
388 643 473 707 quae
493 620 574 688 inde
597 621 818 716 contrauerit,
849 619 940 706 quod
957 639 1024 684 uon
1042 615 1285 702 intelliguntur.

278 732 365 794 Hinc
396 730 494 794 etiam
521 731 625 816 aliqui
654 733 774 794 famam
804 729 1000 806 eruditionis
1031 731 1208 808 affectant,
1243 736 1288 790 ut

280 837 439 924 quaedam
469 838 531 901 soli
560 839 645 918 scire
669 838 852 902 videantur.
900 838 1036 902 Fallunt
1063 837 1162 900 etiam
1184 835 1287 905 verba

209 965 211 978 ·
277 947 331 1010 vel
349 947 537 1030 regionibus
559 935 757 1032 quibusdum
772 945 873 1031 magis
888 945 1072 1025 familiaria,
1093 944 1148 1007 vel
1164 943 1289 1007 ortium

277 1055 417 1139 propria.
440 1093 481 1106 -
522 1056 603 1118 Plus
629 1063 738 1118 tamen
767 1064 816 1117 est
841 1035 1083 1118 obscuritatis
1074 1076 1108 1114 m
1126 1059 1288 1115 contextu

277 1170 312 1243 et
334 1163 584 1226 continuatione
597 1164 756 1226 sermonis
773 1176 806 1227 et
822 1165 932 1248 plures
951 1162 1048 1228 modi.
1091 1165 1199 1242 Quare
1220 1179 1286 1222 nee

278 1269 323 1334 sit
339 1271 563 1358 tamaelongus,
596 1281 631 1334 ut
649 1293 723 1334 eum
740 1271 895 1356 prosequi
914 1293 977 1334 non
996 1257 1100 1355 possit
1118 1265 1285 1344 intentio,

203 1379 209 1386 ’
277 1401 340 1442 nec
363 1376 556 1461 trajectione
580 1387 647 1440 tam
672 1381 809 1458 tardus,
849 1391 887 1443 nt
913 1379 947 1442 iu
978 1365 1178 1462 hyperbaton
1208 1374 1286 1436 finis

203 1570 206 1576 Ι
278 1484 347 1570 ejus
365 1485 542 1549 differatur.
585 1481 712 1567 Quibus
733 1497 842 1551 autem
859 1485 951 1573 pejor
976 1497 1028 1549 est
1044 1486 1186 1546 mixtura
1207 1503 1289 1546 ver-

275 1593 412 1680 ¹borum,
435 1595 543 1678 qualis
560 1595 595 1656 in
614 1596 671 1656 illo
686 1618 803 1659 versu:

319 1760 396 1815 Saxa
413 1774 521 1826 vocant
536 1763 624 1826 Itali,
643 1761 741 1816 madiis
759 1780 833 1834 qaas
852 1763 884 1836 in
893 1760 1050 1834 fluctibus,
1071 1756 1139 1814 a'ras
1155 1755 1191 1826 *).
1212 1785 1245 1800 -

166 1951 168 1956 '
260 1936 419 2002 ‘Vitanda
436 1937 586 2020 inprimis
604 1939 805 2019 ambiguitas,
826 1933 990 2012 nonhaec
1009 1935 1136 2013 solum,
1153 1933 1200 1996 'de
1217 1955 1286 2018 qna

276 2064 375 2128 supra
393 2045 602 2123 dictumest,
626 2069 710 2131 quae
727 2047 891 2109 incertum
905 2043 1114 2106 intellectum
1131 2042 1224 2121 lacit,
1241 2045 1310 2092 -‘

276 2153 333 2214 sed
354 2151 410 2214 illa
433 2176 588 2238 quoqne,
622 2179 725 2241 quae,
761 2152 890 2216 etiamsi
920 2135 1000 2213 non*
1013 2161 1123 2236 potest
1149 2149 1285 2213 turbare

276 2279 428 2339 sensum,
449 2263 483 2325 in
501 2263 587 2327 idem
603 2273 712 2332 tamen
731 2264 906 2326 verborum
922 2259 1040 2343 vitium
1061 2247 1199 2319 incidit:
1222 2267 1282 2337 ut,
1336 2332 1343 2348 1

275 2367 304 2429 si
320 2371 394 2452 quis
409 2371 510 2450 dicat,
533 2374 637 2449 nisum
653 2394 718 2458 nse
732 2373 890 2432 bonzinem
905 2369 1019 2429 librum
1032 2369 1216 2428 scribentem
1225 2367 1284 2444 **).

209 2503 217 2530 ι
276 2511 315 2524 ··-
340 2511 378 2522 -
419 2477 479 2538 Est
504 2479 602 2540 etiam
628 2481 661 2540 in
682 2477 877 2560 quibusdam
895 2475 985 2536 turba
1006 2473 1149 2567 inanium
1165 2473 1287 2536 verbo-

274 2604 345 2646 rum
355 2629 369 2658 ,
391 2583 471 2666 qui,
494 2582 572 2645 dum
590 2605 796 2647 communem
813 2573 972 2668 loquendi
991 2604 1113 2647 morem
1133 2567 1287 2646 resumi»

276 2689 490 2775 rl'antpducti
507 2691 616 2774 specie
632 2691 770 2769 nitoris,
795 2693 1005 2755 circumeunt
1022 2693 1133 2753 omniu
1145 2692 1286 2776 'copiosa
1370 2709 1373 2718 ’

233 2823 238 2838 ‘
274 2797 500 2881 loquacitate,
524 2818 608 2882 quae
629 2797 740 2861 dicere
766 2799 905 2873 nolunt;
931 2800 1033 2882 ipsam
1051 2797 1171 2861 deinde
1190 2798 1285 2860 illam

274 2905 392 2970 seriem
416 2887 493 2968 cum
510 2904 573 2966 alia
590 2905 690 2998 simili
710 2903 884 2990 jungentes
908 2905 1172 2992 miscentesque,
1195 2905 1285 2980 ultru

204 2999 232 3058 Ἰ
276 3013 481 3097 quam'ullus
499 3012 632 3098 spiritus
649 3014 767 3078 durare
783 3014 906 3100 possit,
931 3013 1122 3078 extendunt.
1153 3016 1200 3077 'ln
1217 3012 1282 3076 hoc
1341 3016 1347 3033 ¹
1420 3065 1421 3077 ,

308 3233 334 3310 *)
361 3240 458 3311 Virgil.
479 3240 544 3292 Aen.
564 3229 625 3292 111.
645 3257 669 3293 v.
690 3257 747 3310 ¹⁰9·
784 3237 921 3312 Equidem
939 3239 969 3294 in
986 3241 1041 3296 hoc
1060 3256 1139 3295 versu
1158 3238 1282 3293 vitiosam

327 3335 505 3388 verborum
523 3333 669 3387 mixturam
683 3333 760 3387 haud
775 3335 872 3405 video·
893 3336 960 3390 licet
976 3337 1032 3391 duo
1050 3354 1114 3390 sane
1129 3333 1282 3403 hyberbata

362 3431 504 3482 offendam.
549 3429 618 3482 Cum
646 3427 699 3482 hoc
727 3430 824 3501 Quint.
852 3432 915 3485 loco
943 3434 1054 3488 omuino
1082 3429 1281 3512 comparandus

280 3595 284 3602 .
361 3524 411 3576 ille
436 3527 618 3596 Hermogenis
643 3525 699 3598 (de
724 3523 799 3580 form.
828 3546 864 3582 or
890 3528 909 3581 l.
930 3530 949 3581 I.
977 3546 1003 3599 p
1023 3521 1282 3595 secusium)

360 3617 517 3678 Ἑναντίον
537 3621 567 3677 δὲ
587 3623 746 3698 εὐκρινείας
757 3624 921 3696 σύγχυσις,
953 3623 972 3689 ἡ
968 3621 1029 3689 ’δὴ
1047 3623 1178 3693 γίνεται,
1205 3616 1281 3676 ὅταν

290 3713 293 3725 “
337 3756 339 3777 ,
360 3718 448 3788 χωρὶς
463 3719 522 3770 τῶν
537 3720 684 3774 τοιούτων
699 3719 861 3794 εὐκρινείαυ
875 3715 1036 3793 περιβάλλῃ
1050 3735 1094 3784 τις
1109 3721 1161 3772 καὶ
1173 3721 1282 3789 μεστὸν
1382 3757 1393 3770 .
1419 3707 1420 3745 l

361 3816 433 3880 ποιῇ
455 3815 509 3865 τὸν
529 3808 627 3880 λόγον.

296 3897 336 3973 **)
359 3903 490 3994 Tpitop,
511 3911 552 3978 μὴ
572 3905 755 3979 ἀμφιβόλοις,
776 3907 878 3979 (scilic.
900 3909 1029 3983 desinant
1048 3905 1165 3979 λέγειν).
1201 3907 1280 3962 brist

361 3996 438 4050 Rhet.
453 3997 472 4052 l.
487 4000 538 4052 111.
555 4017 577 4054 c.
593 4003 617 4054 5,
634 4031 665 4041 —
692 4003 796 4056 Eodem
811 4005 891 4056 modo
905 4005 1061 4058 Demetrius
1079 4004 1130 4075 (de
1145 4002 1280 4073 elocut.):

362 4096 490 4165 φευγέτω
508 4092 539 4153 δὲ
559 4097 578 4162 ἡ
597 4101 695 4167 σαφὴς
712 4102 811 4180 γραφὴ
829 4101 881 4155 aut
898 4103 952 4168 τὰς
971 4099 1162 4174 ἀμφιβολίας.
1188 4096 1283 4171 (CC.)
