2902 4866
738 311 741 323 ’
767 345 851 418 472

311 562 372 602 neo
397 528 605 604 scribendum
627 542 758 626 quidem
775 555 878 627 puto,
913 543 1002 627 qnod
1032 565 1098 604 non
1122 541 1223 604 simus
1245 565 1324 606 me·

311 649 412 710 moria
431 651 648 733 persecuturi.
691 652 772 712 Nam
791 652 826 712 id
844 673 978 734 qnoque
991 649 1137 732 'aecidit‚
1161 660 1201 710 ut
1218 672 1325 712 revo-

311 767 366 820 oet
384 778 443 818 nos
462 755 618 838 cogitatio
637 759 678 820 ad
698 759 754 820 illa
772 759 957 836 meliorato,
981 780 1042 820 neo
1065 758 1151 820 sinat
1164 779 1323 840 praesen·

312 872 378 925 tem
395 864 563 926 fortunam
593 866 744 949 experiri.
794 867 849 930 Sio
873 887 994 948 anceps
1022 865 1110 926 inter
1137 877 1324 948 utromque

230 977 235 986 '
313 971 440 1034 animus
460 985 606 1066 aestuat,
629 995 705 1037 enm
725 984 757 1036 et
778 974 901 1060 scripta
921 971 1065 1058 perdidit
1080 984 1113 1036 et
1132 995 1198 1034 non
1218 995 1325 1058 quae·
1368 1027 1380 1046 „

247 1128 252 1140 a
313 1077 359 1141 rit
386 1101 480 1142 nova.

278 1555 280 1560 '
314 1548 484 1612 Nonnulla
503 1569 600 1635 eaque
625 1552 801 1638 praecipuo
829 1549 869 1608 de
898 1549 1161 1610 instituendorum
1189 1551 1225 1609 in
1246 1557 1324 1609 ‘arte

432 1629 438 1646 Ι
534 1661 691 1721 rhetorica
712 1659 943 1756 discipplorum
963 1663 1095 1720 ratione.

759 1935 782 2014 s.
827 1937 877 2001 eo.

498 2099 534 2178 a)
575 2099 625 2162 De
646 2097 741 2160 modo
764 2097 929 2163 tractandi
951 2098 1139 2183 discipulos.
1167 2061 1171 2072 Ι

582 2305 699 2372 Quintil.
733 2305 745 2377 (
755 2307 821 2360 Inst.
837 2323 874 2358 or.
891 2304 910 2358 l.
927 2304 964 2358 ΙΙ.
981 2322 1005 2358 c.
1020 2303 1064 2373 a.)
1121 2281 1123 2288 ‚

382 2455 492 2534 Quum
508 2453 548 2514 ad
565 2476 618 2516 ens
634 2455 669 2514 in
688 2453 805 2518 studiis
826 2456 910 2518 vires
930 2455 1117 2540 pervenerit
1132 2476 1232 2540 puer,
1265 2466 1323 2534 ut,

221 2623 235 2642 V
280 2587 282 2592 ¹
322 2583 406 2644 quae
428 2561 532 2644 prima
556 2583 626 2624 esse
645 2575 819 2644 praecepta
839 2563 1009 2626 rhetorum
1025 2562 1183 2638 diximus,
1212 2573 1325 2624 mente

320 2667 480 2748 consequi
505 2666 628 2749 possit,
664 2668 840 2728 tradendus
863 2667 931 2750 ejus
951 2668 1030 2729 artis
1054 2669 1217 2752 magistris
1239 2670 1323 2741 erit3

265 2777 266 2784 ’
321 2781 463 2858 quornm
480 2775 512 2835 in
532 2774 646 2856 primis
666 2774 787 2857 inspici
807 2797 913 2836 mores
930 2776 1104 2858 oportebit.
1148 2776 1245 2856 Quod
1265 2797 1324 2860 ego

236 2917 238 2924 ·
320 2903 387 2944 non
422 2881 546 2944 idcireo
574 2883 781 2966 potissimum
813 2883 848 2943 in
874 2882 935 2972 hae
964 2891 1056 2966 parte
1085 2893 1226 2946 tractare
1252 2904 1326 2944 sum

297 3009 509 3076 aggressus,
547 2971 624 3072 quiri
655 3012 721 3051 non
754 2991 787 3052 in
826 2991 945 3054 ceteris
975 3012 1109 3074 quoque
1135 2989 1326 3053 doetoribus

322 3095 409 3158 idem
424 3093 488 3157 hoc
511 3097 784 3178 examinandum,
810 3121 909 3182 qnam
931 3098 1181 3182 diligentissime
1198 3107 1325 3180 putem,

325 3203 411 3267 sient
435 3215 573 3268 testatus
601 3227 672 3268 sum
691 3205 774 3267 libro
797 3207 904 3288 priore
918 3227 938 3266 :¹
960 3206 1017 3268 sed
1041 3188 1130 3288 quod
1152 3207 1325 3288 magisne,

324 3313 497 3376 cessariam
525 3311 592 3397 ejus
612 3313 660 3374 rei
678 3314 879 3377 mentionem
901 3313 982 3376 facit
1000 3293 1087 3376 aetas
1107 3315 1177 3396 ipsa
1200 3314 1327 3374 disoen-

259 3463 261 3472 .
323 3418 418 3480 tium.
461 3419 542 3480 Nam
561 3429 594 3482 et
618 3420 722 3483 adulti
745 3423 813 3482 fere
839 3421 932 3504 pueri
956 3420 996 3482 ad
1018 3421 1078 3482 hos
1100 3405 1324 3505 praeceptores

323 3529 589 3604 transferuntur,
622 3541 655 3592 et
676 3527 762 3612 apud
790 3550 845 3589 eos
865 3528 1001 3612 juvenes
1022 3530 1231 3605 ,etiam‘facti
1250 3551 1322 3612 per-

325 3635 497 3710 severant,
521 3635 661 3718 ideoque
678 3635 779 3720 major
798 3634 982 3700 adhibenda
998 3645 1068 3698 tum
1090 3657 1169 3699 cura
1183 3647 1255 3732 sest:
1287 3648 1322 3699 ut

282 3742 291 3762 *
326 3749 358 3815 et
382 3742 561 3808 teneriores
584 3765 688 3805 annos
712 3745 751 3804 ab
770 3740 887 3826 injuria
909 3744 1064 3805 sanctitas
1090 3743 1240 3806 docentis
1270 3766 1322 3806 ou-

264 3827 291 3888 ³·
325 3839 469 3926 mediat,
502 3860 536 3911 et
562 3851 740 3912 ferociores
769 3873 785 3909 a
821 3850 954 3912 licentia
984 3841 1124 3933 gravitas
1154 3851 1320 3916 deterreat.

325 3956 440 4041 Neque
465 3955 547 4032 vero,
561 3958 639 4020 satis
662 3967 711 4019 est
729 3979 886 4022 summam
905 3961 1069 4042 praestare
1081 3959 1318 4036 abstinentiam,

1027 4226 1037 4253 Ι
1067 4248 1070 4267 ι
