2902 4866
769 413 883 497 sss
969 371 1009 466 s

270 651 274 662 ι
337 623 446 678 tumen
475 623 508 678 et
535 611 655 676 urduos
683 595 831 677 tramites
856 612 1028 676 adeuntur.
1079 609 1280 693 Confragosa
1312 611 1351 672 in

337 723 504 806 fastigium
525 720 694 804 diguitatis
716 722 768 782 viu
789 731 847 783 est.
891 722 934 783 At
957 720 983 780 si
1009 717 1230 782 conscendere
1248 718 1352 781 huuc

228 907 233 918 κ
337 831 494 896 vorticem
511 828 604 908 libet,
628 830 683 894 cui
698 851 732 892 se
747 830 880 892 fortune
896 827 1061 890 submisit:
1084 825 1194 888 omniu
1209 827 1355 910 quidem

338 939 399 1004 sub
427 949 480 1014 te,
511 959 594 1022 quoe
616 959 677 1020 pro
696 935 925 1001 excelsissimis
952 934 1138 1012 hahentur,
1168 933 1353 1020 adspicies,

340 1045 398 1110 sed
416 1057 524 1109 tumen
541 1044 652 1108 venies
670 1045 711 1106 sd
732 1065 856 1106 summu
873 1065 932 1128 per
949 1043 1092 1128 plenum.
1110 1105 1114 1110 ,

781 1285 804 1363 t·
837 1289 898 1372 70.
1071 1373 1075 1382 Α

674 1444 794 1512 Quintio.
829 1441 1014 1514 (titus.)
1130 1523 1135 1532 .

400 1577 450 1646 Ex
464 1577 609 1660 lectione
623 1575 731 1662 dignis
747 1577 937 1640 auctoribus
951 1589 984 1641 et
1000 1578 1172 1640 verborum
1184 1557 1353 1640 sumenda

341 1686 435 1772 copis
456 1699 506 1750 est
534 1697 567 1750 et
584 1688 724 1750 varietus
745 1686 922 1770 figurarum
942 1695 975 1748 et
998 1686 1217 1770 componendi
1234 1687 1350 1748 ratio:

342 1794 472 1856 turned
493 1793 675 1877 exemplum
703 1793 862 1856 virtutum
880 1793 1026 1854 omnium
1050 1792 1350 1879 mensudirigendu.

339 1903 453 1986 Neque
479 1903 566 1966 enim
594 1901 735 1964 dubitari
757 1913 883 1987 potest,
919 1903 1001 1986 quin
1026 1901 1105 1965 urtis'
1127 1924 1202 1985 pars
1227 1924 1351 1984 magua

342 2011 551 2074 contineatur
571 2012 755 2073 imitatione.
798 2011 880 2072 Num
897 2020 934 2071 ut
955 2010 1102 2072 iuvenire
1123 2011 1264 2094 primurn
1279 2011 1351 2072 fuit

342 2129 458 2202 estque
476 2118 708 2202 praecipuum,
740 2119 863 2202 sices,
894 2141 978 2201 quoe
996 2119 1079 2180 bene
1100 2118 1234 2180 inventa
1251 2131 1348 2196 suut,

341 2225 423 2290 utile
445 2225 546 2308 sequi.
592 2226 702 2309 Atque
722 2227 828 2288 omnis
845 2226 932 2289 vitae
950 2225 1033 2288 ratio
1054 2227 1270 2302 sicconem,
1294 2237 1348 2304 ut,

343 2353 428 2418 quae
446 2314 620 2418 probamus
638 2334 672 2395 in
688 2333 779 2410 anis,
803 2335 909 2397 fecere
928 2332 992 2416 ipsi
1012 2333 1158 2398 velimus.
1182 2333 1256 2396 'Sic
1272 2335 1350 2398 lite·

312 2513 320 2526 Ι
341 2440 453 2506 rurum
475 2441 615 2518 ductus,
639 2450 674 2504 ut
698 2443 862 2505 scribendi
881 2443 938 2504 fiat
953 2463 1055 2520 usus,
1083 2442 1178 2526 pueri
1196 2463 1350 2525 sequun-

344 2561 410 2614 tur:
454 2549 502 2610 sic
533 2548 650 2609 musici
680 2554 801 2611 'vocem
833 2549 1042 2628 docentium,
1080 2551 1221 2634 pictores
1245 2572 1350 2633 opera

341 2656 511 2742 priorum,
545 2655 661 2716 rustici
688 2657 857 2738 probatem
882 2635 1103 2739 esperimento
1125 2657 1286 2719 culturum
1310 2659 1347 2720 iu

340 2753 526 2845 exemplum
548 2761 730 2824 intuentur.
774 2763 889 2826 Omnis
909 2762 1049 2846 denique
1069 2764 1262 2848 disciplinae
1279 2765 1349 2826 ini-

332 2874 389 2958 ,tis
408 2874 448 2936 ed
465 2875 671 2956 propositum
691 2874 754 2937 sibi
770 2873 1009 2958 praescriptum
1031 2864 1163 2940 formari
1184 2875 1347 2947 videmus.

321 2981 387 3054 ‘Et
401 2980 536 3044 hercule
550 3001 685 3046 necesse
703 2993 765 3060 est,
784 2991 841 3045 sut
857 2982 976 3046 similes
990 2993 1046 3046 aut
1060 2982 1234 3044 dissimiles
1247 2982 1347 3046 honis

341 3090 456 3154 simus.
510 3089 657 3152 Similem
691 3111 765 3152 ruro
799 3102 915 3154 ustura
944 3101 1109 3174 praestet,
1152 3071 1350 3174 frequenter

343 3197 494 3262 imitatio.
536 3195 599 3260 Sed
612 3195 675 3260 hoc
693 3195 810 3280 ipsum,
834 3197 923 3282 quod
941 3206 1034 3260 tuuto
1051 3199 1232 3261 faciliorem
1251 3199 1348 3261 nobis

344 3304 504 3368 rationem
521 3288 667 3366 omnium
681 3304 772 3382 fucit,
796 3306 972 3390 quumrfuit
987 3305 1040 3384 iis,
1065 3304 1120 3388 qui
1136 3307 1232 3385 uilril,
1257 3307 1349 3390 quod

346 3423 584 3500 sequerentur,
616 3411 822 3489 habueruut,
856 3414 920 3476 uisi
943 3426 1038 3478 ceute
1066 3425 1100 3477 et
1122 3436 1197 3477 cum
1218 3412 1345 3498 judicio

289 3607 290 3618 ἵ
345 3520 751 3626 apprehenditursuocet.

407 3630 494 3691 Ante
511 3629 617 3690 omnia
637 3629 737 3712 igitur
751 3627 892 3693 imitatio
908 3653 966 3716 per
982 3653 1015 3694 se
1035 3632 1103 3716 ipsu
1121 3654 1186 3694 non
1200 3633 1343 3710 sufficit,

345 3734 397 3796 vel
417 3733 490 3836 quiri
508 3721 595 3830 'pigri
612 3747 662 3800 est
682 3737 827 3822 ingenii,
859 3750 1052 3802 contentum
1071 3761 1142 3804 esse
1165 3741 1202 3802 iis
1218 3765 1239 3818 s
1260 3765 1346 3825 quae

244 3893 248 3900 .
346 3839 414 3908 siut
431 3843 470 3910 ab
490 3843 562 3905 eliis
586 3845 729 3908 inventu.
774 3835 863 3926 Quid
883 3847 970 3910 euim
996 3849 1144 3932 futurum
1171 3861 1238 3911 erut
1262 3863 1348 3912 tem-

345 3950 481 4046 poribus
491 3945 586 4028 fillis,
610 3975 694 4035 quse
710 3953 781 4016 siue
800 3955 945 4040 exemplo
966 3956 1118 4033 fuerunt,
1147 3957 1175 4018 si
1195 3957 1346 4020 homiues
1443 3935 1444 3976 t

349 4060 429 4121 nihil
454 4057 517 4122 uisi
537 4060 626 4150 quod
641 4058 705 4152 juin
728 4062 979 4144 cognovissent,
1000 4055 1188 4126 faciendum
1205 4063 1266 4125 sibi
1286 4076 1346 4127 aut

707 4213 716 4244 Ι
