2942 4864
590 463 696 554 507,

141 653 261 733 altera,
293 677 376 738 quae
399 657 465 718 sint
490 657 523 718 in
550 656 745 742 disputando
774 681 866 734 vera,
901 672 1001 742 atque
1029 662 1129 739 salsa,

142 763 325 846 quibusque
353 763 469 846 positis
498 764 577 847 quid
609 775 786 848 sequatur,
822 767 992 850 distinguit
1021 776 1052 832 ‘et
1077 767 1128 852 ju-

141 870 242 942 dican
278 891 359 952 qnae
392 873 496 932 virtus
532 872 636 932 omnis
671 873 704 932 in
741 874 885 950 ratione,
926 874 1131 958 scientiaque

141 976 326 1059 disputandi
358 977 418 1038 sita
453 987 519 1066 est:
561 967 662 1040 ultera
701 992 807 1041 autem
843 983 992 1056 oratoria.
1044 983 1131 1044 Nihil

141 1086 226 1147 enim
255 1096 304 1148 est
326 1086 414 1147 aliud
438 1086 644 1168 eloquentia,
681 1087 743 1148 nisi
769 1089 900 1170 copiose
921 1089 1058 1172 loquens
1080 1113 1132 1152 sa-

142 1194 281 1276 pientia;
307 1214 389 1275 quae
404 1213 441 1254 ex
458 1195 569 1256 eodem
582 1194 845 1292 haustagenere,
868 1217 932 1277 quo
951 1198 1023 1274 illa,
1049 1219 1131 1280 quae

142 1300 175 1362 in
190 1299 402 1384 disputando,
425 1302 555 1363 uberior
570 1313 636 1378 est,
660 1313 757 1384 atque
774 1301 890 1379 latior,
915 1312 947 1364 et
965 1303 1004 1364 ad
1024 1315 1131 1366 motus

142 1410 342 1485 animorum,
374 1410 528 1492 vulgique
553 1431 666 1472 sensus
689 1409 970 1472 accommodatior.
1013 1413 1130 1473 Custos

140 1537 217 1582 tero
238 1517 397 1579 virtutum
419 1517 583 1594 omnium,
607 1517 747 1580 dedecus
767 1517 912 1600 fugiens,
936 1519 1130 1602 laudemque

66 1659 70 1668 =
140 1625 276 1686 maxime
303 1643 527 1706 consequens,
558 1625 754 1685 verecundia
773 1633 830 1700 est.
873 1625 981 1706 Atque
1001 1626 1034 1686 bi
1056 1635 1132 1688 sunt

142 1730 271 1813 quidem
289 1733 356 1792 sere
375 1730 467 1812 quasi
488 1729 619 1814 quidam
634 1730 761 1792 habitus
784 1731 902 1808 animi,
935 1733 981 1791 sic
1001 1727 1129 1808 allecti,

142 1847 175 1902 et
194 1839 393 1917 constituti,
413 1849 450 1900 ut
475 1839 541 1900 sint
559 1838 672 1916 linguli
691 1838 777 1899 inter
796 1860 830 1900 se
850 1839 980 1921 proprio
998 1831 1149 1902 virtutis‘

141 1965 257 2028 genere
282 1945 449 2018 distincti;
485 1968 502 2004 a
530 1945 649 2028 quibus
665 1955 702 2004 ut
720 1967 869 2026 quaeque
885 1966 936 2005 res
955 1955 1044 2028 gesta
1064 1957 1130 2024 est,

140 2053 184 2138 ita
201 2054 243 2115 sit
256 2052 392 2115 honesta
409 2073 541 2115 necesse
558 2061 619 2128 est,
643 2073 830 2134 summeque
845 2051 1024 2114 laudabilis.
1046 2038 1130 2117 Sunt

141 2173 247 2224 autem
266 2161 321 2221 alii
343 2159 472 2243 quidam
492 2160 628 2241 perfecti
647 2160 745 2220 animi
767 2157 897 2220 habitus
916 2159 956 2218 ad
976 2161 1130 2221 virtutem
1219 2212 1223 2218 .

140 2269 233 2352 quasi
244 2267 411 2352 praeculti
434 2277 466 2328 et
484 2246 662 2349 praeparati
684 2267 783 2328 rectis
803 2265 918 2326 studiis
939 2275 971 2328 et
992 2267 1129 2327 artibusz

140 2387 177 2437 nt
201 2377 233 2437 in
253 2379 320 2438 suis
342 2377 438 2438 rebus
449 2396 465 2454 ,·
491 2373 599 2437 studia
622 2375 811 2450 literarum,
840 2386 877 2436 ut
902 2371 1129 2444 numerorum,

138 2505 176 2546 ec
196 2505 368 2560 sonorum,
392 2493 430 2544 ut
450 2503 638 2560 mensurae,
661 2492 697 2544 nt
718 2481 878 2558 siderum,
901 2493 939 2544 ut
959 2503 1129 2564 equorum,

137 2602 175 2653 nt
201 2591 362 2668 venandi,
391 2601 427 2652 ut
449 2611 628 2666 armorum
659 2590 691 2650 in
716 2590 959 2664 communibus,
990 2586 1130 2673 propen-

141 2697 235 2780 siora,
253 2699 358 2761 studia
385 2698 417 2760 in
445 2697 554 2782 aliquo
578 2717 694 2780 genere
721 2697 852 2759 virtutis
880 2697 1052 2780 praecipue
1078 2719 1131 2758 co-

139 2806 255 2881 lendo,
279 2818 334 2866 aut
350 2805 468 2866 divinis
486 2807 580 2866 rebus
597 2803 826 2880 deserviendo,
851 2817 905 2864 aut
921 2805 1128 2886 parentibus,

139 2913 277 2988 amicis,
308 2897 490 2994 hospitibus
522 2911 694 2994 praecipue
728 2923 826 2992 atque
855 2911 1026 2994 insigniter
1054 2913 1130 2972 dili·

138 3019 274 3105 gendis·
314 3021 423 3100 Atque
460 3015 539 3105 hirec
577 3015 707 3098 quidem
745 3015 912 3078 virtutum.
964 2997 1135 3082 Vitiorum

138 3138 248 3190 autem
272 3133 348 3186 sunt
375 3145 491 3206 genera
514 3122 689 3202 ,contraria
733 3124 901 3184 Cernenda
922 3135 1030 3186 autem
1051 3135 1128 3199 suut

139 3223 331 3321 diligenter,
356 3251 396 3292 ne
416 3229 531 3294 fallant
550 3253 585 3292 ea
600 3253 662 3320 nos
683 3229 779 3308 vitiu,
804 3253 887 3314 quae
909 3233 1061 3293 virtutem
1078 3232 1128 3294 vi·

139 3342 259 3403 dentur
278 3339 408 3400 imitari.
451 3340 529 3398 Nam
552 3347 585 3400 ct
602 3337 807 3420 prudentiam
825 3326 968 3429 rnalitia,
999 3347 1030 3400 et
1050 3348 1128 3400 tem·

138 3447 523 3533 perairtium'immanitas
545 3437 577 3506 ia
598 3446 819 3528 voluptatibus
839 3447 1070 3531 aspernandis,
1094 3455 1127 3509 et

138 3556 392 3642 magnitudinem
428 3556 526 3615 animi
554 3555 703 3636 superbia
730 3557 762 3618 in
794 3558 908 3618 animis
932 3555 1124 3618 extollendis
1201 3611 1204 3618 .

138 3677 170 3728 et
191 3662 402 3748 despicientia
422 3664 453 3724 in
477 3650 938 3741 contemnendisbonoribus,
960 3674 992 3724 et
1008 3663 1121 3744 libera·

137 3773 261 3848 litatem
285 3757 414 3848 effusio,
446 3783 478 3833 et
499 3769 725 3832 fortitudinem
745 3772 880 3832 audacia
906 3771 1065 3848 imitatur,
1092 3781 1125 3834 et

138 3881 327 3963 patientium
357 3879 477 3940 duritia
507 3879 673 3952 immanis,
691 3882 693 3885 ’
708 3888 740 3938 et
764 3876 922 3960 justitiam
945 3879 1122 3957 acerbitas,

139 3997 171 4048 et
188 3988 373 4069 religionem
390 3985 594 4068 superstitio,
618 3987 650 4049 et
671 3985 837 4048 lenitatem
851 3985 987 4064 mollitia
1005 3987 1102 4048 animi
1111 4029 1122 4062 ,
1222 4043 1226 4052 ,

139 4106 172 4158 et
201 4095 431 4158 verecundiam
456 4093 632 4168 timiditas,
667 4102 702 4154 et·
727 4092 816 4152 illam
839 4091 1027 4174 disputandi
1050 4097 1123 4174 pru·

138 4201 281 4265 dentiam
308 4203 509 4264 concertatio
531 4201 737 4288 captatioque
762 4201 953 4276 verborum,
984 4207 1016 4260 et
1037 4199 1121 4260 liano
