2874 4862
726 323 733 339 '
794 337 880 418 ers

340 542 420 603 toris
444 535 626 624 discipulus
647 539 809 624 pendent,
848 549 948 625 atque
969 536 1004 600 id
1026 559 1062 602 sc
1080 521 1199 600 dixisse
1221 545 1322 616 tacte,

339 648 428 731 quod
442 647 482 709 ab
496 669 534 710 eo
550 647 752 731 probabitur,
775 648 897 712 credat.
940 645 1002 712 Illa
1016 667 1095 710 vero
1106 645 1323 726 'vitiosissims,

340 777 424 838 qnae
450 753 515 840 jem
533 757 716 846 humanitas
734 767 891 832 vocetur,
926 755 1069 818 invicem
1093 732 1325 840 qualiscunipuc

338 861 513 940 laudandi,
537 851 638 948 quum
659 875 709 928 est
727 863 882 928 indecore
904 873 937 928 et
953 861 1145 944 theatralis,
1178 873 1211 926 et
1227 883 1326 925 severe

340 971 647 1054 institutiszscbolis
671 972 797 1049 aliena,
827 983 900 1036 tum
921 971 1103 1037 studiorum
1127 958 1326 1056 perniciosis·

243 1078 247 1086 ’
340 1081 421 1144 sima
436 1079 551 1143 hostis.
592 1081 800 1164 Supervacua
816 1080 902 1144 enim
917 1079 1073 1148 videntur
1087 1101 1167 1142 curn
1182 1101 1219 1142 ac
1234 1079 1326 1154 labor,

338 1197 469 1270 parata,
500 1187 662 1271 quicquid
688 1188 883 1264 effuderint,
917 1187 1025 1250 lende.
1075 1187 1213 1250 Vultum
1240 1185 1328 1290 igitur

339 1295 558 1378 praeceptoris
581 1291 724 1374 intueri,
748 1303 815 1358 tam
836 1293 894 1378 qui
910 1295 1061 1394 audiunt,
1085 1293 1217 1372 debent,
1240 1314 1328 1378 quem

334 1402 426 1486 ipsc,
451 1401 512 1486 qui
527 1399 633 1498 dicits
651 1404 697 1464 itu
716 1403 803 1466 cuim
822 1402 990 1486 probanda
1009 1412 1109 1486 atquc
1126 1401 1327 1486 improbanda

224 1555 230 1562 -
338 1509 551 1586 discernent;
586 1511 633 1575 sic
657 1511 734 1576 stilo
762 1511 904 1574 facultas
939 1509 1129 1594 continget,
1170 1509 1327 1575 auditione

337 1616 506 1701 judicium
548 1619 593 1682 At
611 1639 701 1682 nnnc
726 1618 822 1703 proni
848 1630 946 1701 atque
965 1617 1131 1684 succincti
1149 1618 1192 1678 ad
1210 1637 1327 1679 omnem

339 1725 520 1790 clausulam
538 1749 604 1792 non
622 1738 801 1812 exsurgunt
819 1727 938 1806 modo,
968 1748 1084 1790 verum
1104 1725 1202 1790 ctiam
1223 1745 1328 1788 excur-

338 1846 438 1910 runt,
470 1844 502 1896 et
527 1857 602 1896 cum
624 1835 776 1898 indecora
804 1833 1022 1898 exsultatione
1043 1827 1260 1924 conclamant
1297 1830 1329 1894 ld

338 1953 489 2005 mutuum
512 1945 583 2021 est,
615 1953 647 2008 et
667 1944 712 2005 ibi
730 1941 978 2006 declamationis
996 1945 1140 2008 fortune.
1184 1943 1266 2006 Hinc
1283 1951 1329 2002 tn·

339 2073 412 2112 mor
436 2061 470 2114 et
497 2067 592 2114 vena
612 2052 653 2116 de
676 2073 711 2115 se
739 2053 928 2136 persuasio,
952 2070 1066 2136 usque
1090 2051 1194 2132 adeo,
1225 2047 1328 2112 utillo

339 2157 642 2242 condiscipulorum
660 2160 806 2222 tumultu
820 2160 924 2222 inflati
936 2149 956 2238 ‚'
970 2159 997 2220 si
1016 2182 1131 2244 parum
1147 2181 1167 2220 u
1186 2151 1327 2243 praecep-

235 2329 241 2344 Χ
337 2277 410 2330 tore
429 2267 626 2347 laudentur,
655 2269 724 2352 ‚ipsi
750 2269 790 2331 de
815 2267 872 2329 illo
902 2268 986 2330 malc
1013 2267 1167 2332 sentiant.
1218 2265 1278 2328 Sed
1298 2285 1327 2323 se

337 2395 473 2460 quoque
489 2387 716 2461 praeceptores
732 2379 859 2440 intente
874 2399 913 2440 ac
928 2377 1075 2440 modeste
1093 2375 1201 2438 audiri
1217 2374 1325 2443 velint;

339 2507 403 2547 nou
427 2485 513 2550 euim
529 2485 653 2568 judicio
674 2485 913 2570 discipulorum
930 2485 1040 2549 dicere
1058 2485 1154 2549 debet
1172 2484 1325 2568 magister.

338 2593 395 2653 sed
417 2589 571 2674 discipuli
592 2591 748 2672 magistri.
791 2593 898 2671 Quin,
926 2594 955 2656 si
975 2593 1045 2656 fieri
1065 2601 1193 2676 potest,
1228 2591 1325 2653 inten-

260 2689 263 2702 ’
338 2697 463 2758 dendus
482 2697 610 2760 animus
631 2697 666 2758 in
689 2697 751 2762 hoc
776 2722 911 2786 quoquc
924 2747 934 2780 ,
969 2713 1006 2764 ut
1027 2701 1224 2786 perspiciat,
1251 2715 1324 2781 qnae

339 2806 501 2890 quisque,
525 2815 557 2884 et
580 2808 745 2890 quomodo
758 2803 893 2872 laudet:
924 2820 959 2872 et
976 2811 1126 2894 placere,
1150 2831 1235 2894 quae
1251 2809 1329 2894 bene

339 2914 438 2990 dicet,
462 2933 528 2977 uon
546 2937 608 2978 suo
622 2917 724 3000 magis
741 2933 838 3002 quarn
857 2939 971 2982 eorum
989 2919 1122 2982 nomine
1139 2917 1323 2986 delectetur,

338 3021 396 3104 qui
414 3032 505 3086 recte
523 3004 729 3107 judicabunt.

683 3241 686 3248 ·
775 3217 801 3297 i
842 3221 935 3293 81..

223 3401 229 3413 .
336 3347 370 3426 t)
410 3349 458 3410 De
481 3347 615 3412 rnateria
636 3347 807 3432 discipulis
830 3350 864 3412 in
885 3349 1065 3414 exercenda
1085 3359 1155 3414 arte
1171 3345 1322 3414 rhetorice

777 3457 894 3520 dendo.

517 3696 522 3700 ,
574 3678 576 3682 .
612 3640 728 3706 ceretu.
753 3639 853 3727 presa.
872 3657 897 3694 c.
915 3641 939 3709 4.
960 3649 989 3693 ee
1007 3637 1051 3708 s.)

335 3799 337 3806 ·
400 3767 699 3852 llpud'rhetorern¹
714 3771 843 3832 initium
868 3771 956 3849 (scil.
981 3770 1223 3835 exercitationis
1247 3765 1320 3828 scri-

133 3926 136 3933 .
225 3883 251 3892 ’“
337 3875 455 3952 hendi]
488 3862 832 3950 sit⁴leistoric,'‚tunto,
846 3881 1031 3957 robustior,
1070 3892 1194 3964 quanto
1213 3875 1319 3938 serior·

337 3983 400 4049 Sed
420 3987 574 4054 narrandi
602 3989 734 4069 quidem
755 4011 839 4071 quoe
860 3991 953 4052 uoltis
978 3989 1097 4074 optima
1117 3989 1199 4052 sntio
1221 3983 1320 4077 ridens
