2844 4874
310 305 312 311 ’
366 307 373 334 t

749 325 806 406 86

278 524 349 617 ips'o
363 540 474 618 patet)
485 545 542 595 ,est
560 533 767 616 conformatio
784 530 938 619 quaedam
957 533 1134 605 orationis,
1163 546 1303 594 remota

277 667 297 706 a
320 645 478 705 communi
496 645 686 730 caprimum
707 647 740 704 se
765 643 915 734 cffrcrrtc
942 644 1074 704 ratione.
1118 643 1234 722 Quare
1257 641 1299 704 in

277 751 381 835 tropis
397 762 568 836 ponuntur
586 752 680 812 verba
701 749 764 810 alis
781 771 842 835 pro
860 748 953 828 aliis,
975 739 1014 812 ut
1032 749 1067 811 in
1086 755 1303 834 μεταφορᾷ,

276 860 488 942 praeruptos,
528 859 782 944 irrumperetur,
822 859 1011 942 μεταλήψηι
1024 905 1034 938 ,
1078 858 1278 940 συνεκδοχῇ
1289 906 1304 937 ,

179 1033 180 1040 χ
238 989 240 994 ’
277 968 508 1051 καταχρήσει,
530 967 736 1050 ἀλληγορίᾳ,
756 965 952 1052 plerumque
972 967 1147 1052 ὑπερβολῇ.
1189 967 1304 1028 Nam·

277 1095 343 1156 que
375 1085 408 1140 et
440 1075 538 1144 rebus
568 1075 605 1137 tit
635 1086 668 1139 et
695 1075 804 1137 verbis
828 1075 867 1152 ¹).
895 1105 937 1126 -κ-
966 1113 1008 1126 -
1040 1073 1147 1136 illud
1173 1083 1301 1136 temen

277 1235 665 1256 μι-ι-ι--ι-

230 1381 244 1394 ,,
310 1329 337 1404 “)
360 1335 403 1386 De
425 1333 468 1386 his
498 1318 653 1406 ceterisque
682 1333 767 1404 tropis
794 1333 943 1407 praecipua
974 1339 1120 1405 praecepta
1153 1347 1219 1386 cum
1258 1351 1301 1387 ex

364 1428 501 1499 Quintil.,
520 1436 581 1482 tum
596 1448 630 1482 es
647 1429 707 1482 aliis
721 1429 879 1482 atteteribus
896 1427 941 1482 hic
957 1429 1131 1482 adnotentur.
1158 1427 1300 1499 Inprimis

365 1523 461 1592 Quint.
486 1525 544 1597 ipse
567 1525 782 1596 comparandus,
817 1525 867 1596 qui
890 1520 1018 1597 (tvm.
1036 1541 1059 1578 c.
1072 1526 1099 1579 6.
1115 1523 1168 1592 Μ
1187 1522 1298 1596 seqq.)

313 1631 321 1640 ·
364 1618 435 1673 haec
461 1620 497 1674 de
524 1619 557 1672 iis
582 1620 746 1690 explicatius
769 1619 868 1674 docet:
905 1619 1073 1690 Incipiamus
1093 1619 1127 1670 ab
1150 1637 1182 1672 eo
1204 1619 1295 1691 (scil.

363 1714 463 1787 tropo)
481 1717 529 1788 qui
544 1708 630 1787 quuin
646 1715 882 1788 frequentissimus
897 1725 955 1780 est,
981 1725 1041 1770 tum
1057 1717 1139 1784 louge
1153 1715 1296 1786 pulcher*

310 1843 313 1852 ·
364 1813 464 1876 rimus,
484 1812 699 1866 translationem
720 1813 799 1877 dico,
829 1791 902 1884 uuae
917 1816 1076 1886 μεταφορὰ
1092 1827 1191 1880 graece
1203 1827 1297 1865 voca·

364 1915 416 1962 tur.
438 1893 534 1980 'Quae
555 1908 668 1980 quidem
689 1921 776 1979 quum
794 1907 834 1978 ita
857 1916 898 1960 est
918 1907 1033 1978 abipsa
1053 1906 1132 1962 uobis
1155 1923 1295 1960 concessa

362 2012 479 2067 natura,
500 2013 532 2059 ut
545 2003 652 2056 indocti
666 2021 779 2076 quoque
793 2019 826 2055 ac
840 2019 896 2064 nou
912 2005 1062 2057 sentientes
1078 2020 1110 2055 ea
1126 2002 1296 2074 frequenter

361 2108 494 2167 utantur;
524 2109 585 2152 tum
606 2099 645 2154 ita
661 2099 786 2167 iucunda
808 2107 895 2170 atque
917 2096 1025 2162 nitida,
1062 2097 1137 2150 utin
1159 2097 1293 2150 oratione

284 2177 288 2184 ⁴
337 2196 518 2267 xquamlibet
538 2196 629 2260 clara,
662 2195 771 2266 proprio
792 2203 887 2248 tamen
907 2194 1013 2246 lumine
1030 2194 1152 2246 ,eluceat
1185 2193 1293 2264 Neque

364 2291 438 2343 enim
458 2291 577 2358 vulgaris
600 2308 675 2354 esse,
709 2283 763 2343 uec
784 2287 917 2355 humilis,
952 2305 1005 2342 nee
1033 2289 1174 2354 insuavis,
1208 2297 1293 2342 recte

322 2411 327 2416 =·
361 2373 448 2438 'modo
472 2385 596 2448 adscita,
623 2379 723 2454 potestss
767 2381 880 2456 Copium
907 2402 1020 2456 quoque
1048 2385 1179 2440 sermonis
1205 2367 1295 2454 auget

364 2479 566 2553 permutando,
594 2487 644 2532 aut
666 2477 818 2546 mutando,
844 2479 921 2550 quod
942 2477 1119 2545 nonhabet:
1153 2479 1295 2552 quodque

366 2573 559 2627 difficillimum
581 2583 640 2636 est,
659 2565 806 2644 praestat,
832 2591 869 2627 ne
889 2574 942 2628 ulli
959 2575 999 2628 rei
1020 2593 1122 2628 nomen
1137 2575 1231 2630 deesse
1248 2575 1294 2630 vi-

288 2735 290 2743 *
366 2669 472 2750 deatur.
489 2668 685 2722 *Transiertur
706 2686 768 2736 ergo
791 2687 893 2722 nomeu
909 2678 959 2723 aut
971 2672 1085 2725 verbum
1105 2688 1139 2723 ex
1155 2689 1188 2725 eo
1203 2672 1291 2738 loeo,

364 2763 395 2818 in
409 2780 465 2836 quo
478 2757 621 2834 ¹proprium
637 2771 697 2828 est,
716 2763 747 2816 iu
763 2781 844 2828 euru,
858 2755 964 2836 ¹in'quo
978 2775 1028 2818 atrt
1044 2769 1182 2840 proprium
1197 2766 1290 2841 deest,

366 2865 416 2912 aut
440 2858 604 2912 translatum
619 2858 727 2931 proprio
743 2859 842 2912 melius
866 2869 914 2914 est.
952 2860 986 2914 Id
1000 2849 1130 2926 iacimus,
1151 2871 1201 2916 aut
1219 2864 1289 2934 quia

280 2967 283 2974 '
365 2971 477 3008 necesse
495 2963 555 3020 est,
584 2963 634 3008 aut
656 2951 723 3026 quia
744 2955 960 3023 significantius,
995 2963 1044 3036 sut
1062 2957 1202 3028 (u'tdixi)
1220 2959 1289 3030 quia

366 3050 519 3106 decentius.
554 3049 608 3102 Ubi
622 3049 693 3104 nihil
707 3049 806 3104 horum
820 3051 987 3124 praestabit,
1008 3052 1084 3124 quod
1097 3053 1287 3120 transferetur,

367 3147 543 3220 improprium
566 3147 625 3200 erit.
665 3141 839 3201 ‘Necessitate
860 3148 956 3202 rustici
978 3147 1076 3202 dicunt
1101 3157 1235 3219 gemmam
1257 3150 1288 3203 iu

325 3229 330 3244 ⁸
367 3237 475 3299 ritihus
497 3242 584 3316 (quid
601 3243 674 3296 enim
689 3241 814 3296 dicerent
828 3242 947 3314 aliudi)
966 3252 994 3299 et
1010 3244 1090 3296 sitire
1110 3257 1232 3314 segetes,
1258 3253 1288 3298 et

363 3339 476 3410 fructus
497 3337 639 3392 laborare.
676 3337 846 3392 Necessitate
867 3356 935 3404 uos,
964 3339 1067 3408 durum,
1082 3339 1218 3392 hominem
1237 3348 1293 3394 aut

289 3473 292 3490 1
368 3435 509 3506 asperari.-
548 3431 611 3488 Non
634 3435 706 3486 enim
728 3433 867 3504 proprium
890 3442 965 3506 erat,
1001 3435 1078 3508 quod
1099 3433 1226 3488 daremus
1243 3434 1287 3487 his

370 3529 590 3595 adfectionibus,
606 3529 721 3584 nomem
750 3531 829 3596 Jam,
849 3534 990 3584 incensum
1006 3533 1070 3583 ira:
1088 3541 1117 3584 et
1128 3531 1288 3602 irfiamma·

297 3629 299 3636 '
340 3671 345 3680 „
370 3635 427 3677 tum
455 3623 630 3695 cupiditate:
663 3633 692 3680 et
720 3625 828 3698 lapsum
852 3643 967 3686 errore,
994 3625 1169 3692 ,significandi
1192 3625 1284 3694 gratia.

369 3717 446 3770 Nihil
461 3721 534 3773 euim
547 3719 644 3774 horum
659 3719 714 3774 suis
729 3721 837 3786 verbis,
864 3719 1007 3792 quamtis
1024 3719 1174 3784 arcessitis,
1202 3722 1287 3790 magis

370 3815 507 3886 proprium
523 3828 589 3872 erat.
620 3819 660 3884 ‚In
672 3825 763 3872 totum
779 3825 872 3870 eutem
889 3799 1047 3887 metaphora
1063 3814 1232 3870 brevior-est
1251 3818 1286 3869 si·

369 3907 513 3964 mtlitudo:
545 3915 635 3984 eoque
649 3913 750 3984 dietat,
771 3913 852 3984 quod
866 3912 915 3964 illa
932 3917 1104 3980 comparatur
1117 3912 1174 3975 rei,
1202 3930 1286 3982 quern

364 3999 680 4083 'volumus'esprimere3
707 4006 776 4064 haec
789 4023 837 4082 pro
853 4004 909 4081 ipsa
924 4022 953 4058 re
967 4003 1075 4059 dicitur.
1112 4005 1286 4080 Comparatio

918 4079 946 4168 ι
