2888 4876
557 275 612 358 17

256 475 362 550 Cicero.
397 481 458 551 (De
477 488 575 534 orator.
593 481 612 533 l.
634 483 672 540 ll.
693 479 765 538 Edd.
782 470 906 552 dobba).

140 577 249 648 Locus
269 595 302 646 et
320 583 411 668 regio
429 583 525 666 quasi
543 583 677 646 ridiculi
697 585 903 669 turpitudine
921 596 954 650 et
975 583 1080 656 defer,i

80 693 195 754 mitate
222 691 363 774 quadam
391 691 589 756 continetur.
630 693 718 785 llaec
743 692 830 756 enim
852 691 1004 756 ridentur
1029 691 1083 757 vel
1167 681 1169 690 ’

81 799 151 862 sola
172 801 226 862 vel
246 802 385 864 maxime
395 842 406 879 ,
429 821 513 884 quae
533 809 649 863 notant
665 810 698 864 et
712 799 887 884 designant
903 801 1084 886 turpitudi-

80 931 153 971 nem
177 908 323 990 aliquam
343 930 409 970 non
428 907 579 992 turpiter.
602 945 643 958 -
662 965 667 975 ,
687 909 859 988 Quatenus
887 921 995 972 autem
1017 911 1085 972 sint

80 1015 222 1078 ridicula
243 1015 432 1094 tractanda,
455 1035 613 1102 perquam
633 1016 809 1100 diligenter
826 1017 1004 1080 videndum
1024 1031 1084 1082 est.

80 1127 160 1188 Nam
186 1147 249 1187 neo
274 1124 414 1209 insignis
437 1125 627 1208 improbitas
650 1135 684 1188 et
705 1125 829 1190 roslare
850 1125 989 1211 juncta,
1024 1142 1085 1188 neo

80 1255 194 1295 rursus
223 1233 358 1296 miseria
385 1233 533 1315 insignis
550 1232 668 1316 agitata
689 1231 826 1296 ridetur.
868 1234 1086 1298 Facinorosos

80 1339 200 1426 majore
222 1341 364 1424 quadam
385 1342 441 1425 νί,λ
470 1363 568 1424 quam
589 1341 722 1403 ridiculi
751 1342 917 1404 vulnerari
944 1342 1084 1418 volunta

81 1452 215 1513 miseros
235 1448 334 1510 illudi
354 1449 494 1527 nolunt,
526 1449 590 1510 nisi
612 1471 647 1511 se
662 1449 747 1530 sorte
764 1447 900 1534 jactant.
942 1451 1087 1528 Parcas*

83 1559 222 1654 eandum
256 1566 306 1620 est
336 1568 445 1622 autem
478 1556 615 1618 maxime
652 1557 782 1620 caritati
812 1557 1004 1633 hominum,
1044 1574 1087 1622 ne
1169 1617 1173 1634 ,

84 1675 201 1728 temere
233 1665 269 1726 in
297 1665 495 1744 eesdicas,
538 1665 597 1748 qui
625 1664 817 1749 diliguntur,
857 1669 909 1744 (c.
940 1666 1019 1743 58.)
1047 1703 1085 1714 —

84 1774 166 1834 Haec
194 1771 298 1856 igitur
323 1771 508 1834 adhibenda
532 1784 582 1836 est
602 1772 744 1856 primum
761 1772 795 1834 in
813 1769 953 1856 jocando
973 1761 1087 1835 mode-¹

85 1882 162 1944 ratio
172 1908 182 1954 ;
207 1879 322 1962 itaque
338 1897 374 1941 ea
395 1873 554 1942 facillime¹
570 1875 749 1955 luduntur,
782 1901 865 1963 quae
884 1903 992 1964 neque
1010 1881 1085 1941 odio

87 2011 209 2073 magno,
226 2009 336 2072 neque
348 1988 574 2050 misericordia
589 1988 726 2048 maxima
740 1987 838 2070 dignu
852 1998 939 2049 sunt.
967 1991 1087 2066 Quam³

91 2097 193 2160 obrem
213 2096 365 2158 materies
385 2096 491 2158 omnis
512 2095 728 2157 ridiculorum
756 2105 806 2158 est
829 2095 864 2156 in
884 2097 956 2158 istis
973 2097 1085 2175 vitiis,

93 2225 166 2286 quae
191 2215 274 2267 sunt
298 2203 332 2264 in
359 2203 426 2264 rita
445 2201 615 2262 hominum
640 2216 750 2282 neque
773 2219 942 2280 carorum,
979 2215 1088 2284 neque

97 2311 372 2388 calamitosorum,
415 2330 522 2391 neque
553 2329 688 2385 eoram,
731 2306 789 2388 qui
818 2309 859 2369 ob
887 2307 1016 2383 facin-us
1046 2307 1088 2370 ad

99 2418 283 2502 supplicium
318 2415 464 2501 rapiendi
494 2414 673 2506 'videntum
716 2431 819 2500 eaque
851 2414 936 2478 helle
967 2415 1087 2498 agitata

92 2523 240 2588 ridentum
283 2527 345 2588 Est
363 2525 460 2587 etiam
480 2522 698 2586 deformitatis
716 2534 750 2585 et
767 2525 913 2608 eorporis
929 2523 1087 2586 vitiorum

90 2635 159 2697 satis
175 2633 263 2696 bella
280 2633 488 2698 materiesad
509 2629 695 2716 jocandum.
729 2637 776 2732 l⁰⁶
794 2634 865 2714 59.)
888 2669 929 2683 ·-
948 2670 986 2679 -
1005 2669 1045 2682 ·-

140 2743 215 2803 Duo
237 2753 316 2804 aunt
340 2740 690 2824 genera‘facetiarum
726 2758 867 2822 quorum
891 2739 1031 2834 alterum
1052 2717 1087 2802 rt
1155 2721 1161 2736 ⁶

87 2859 265 2928 tractatur,
301 2850 442 2912 alterum
470 2847 568 2910 dicto.
611 2850 676 2922 ae,
708 2846 870 2930 siquando
902 2849 1088 2930 quidtan-

88 2979 181 3039 quam
203 2957 313 3040 aliqua
331 2955 451 3020 fabella
471 2964 630 3017 narratur.
662 2957 712 3030 (c.
735 2955 806 3036 59.)
827 2991 868 3001 -
886 2991 928 3002 -·-
948 2991 989 3004 --
1027 2957 1089 3016 Est

87 3045 192 3126 autem
208 3064 290 3125 haec
312 3063 409 3147 hujus
428 3064 555 3146 generis
578 3055 702 3140 virtus,
727 3071 762 3122 ut
781 3062 824 3122 ita
843 3065 930 3124 facta
951 3062 1088 3128 demon-¹

87 3180 184 3251 atres,
207 3185 246 3234 ut
266 3183 373 3236 moras
394 3169 486 3256 ejus,v
519 3170 558 3233 de'
579 3191 646 3252 quo
667 3191 803 3248 narres5
834 3179 871 3228 ut
890 3181 1017 3248 sermo,
1050 3180 1088 3266 ut

86 3281 192 3341 vultus
213 3297 326 3342 omnes
348 3279 589 3362 exprimantur,
613 3289 650 3341 ut
672 3278 712 3346 iia
724 3316 736 3364 2
757 3277 816 3360 qui
834 3267 995 3351 audiunt,-
1017 3286 1089 3338 tum

86 3387 150 3466 geri
167 3387 225 3448 illa
242 3387 380 3469 fierique
398 3379 597 3450 videanturr'
625 3388 662 3447 In
678 3407 714 3447 re
733 3398 783 3449 est
800 3385 880 3447 item
896 3382 1086 3464 ridiculum,

13 3577 15 3594 N
88 3495 173 3578 quod
200 3515 240 3558 ex
268 3495 409 3578 quadam
445 3495 618 3596 depravata
659 3494 843 3556 imitatione
875 3481 960 3553 sumi
994 3493 1087 3558 solet.-
1136 3479 1139 3488 Ι

88 3637 121 3648 -
143 3639 184 3652 -
208 3625 247 3651 —‘-
291 3606 327 3666 ln
358 3603 445 3664 dicto
467 3615 575 3664 autem
601 3603 781 3665 ridiculum
815 3610 866 3664 est
895 3599 951 3680 id,
993 3601 1087 3683 'quod
1116 3651 1118 3660 ,

14 3783 15 3788 ¹
85 3711 174 3775 verbi
194 3721 253 3776 aut
277 3712 458 3774 sententiae
482 3711 624 3794 quodam
649 3710 800 3779 aaumine
820 3720 989 3772 moratur:
1030 3705 1087 3770 sed

86 3833 120 3881 ut
138 3821 173 3882 in
201 3819 259 3880 illo
280 3820 448 3902 superiore
468 3838 586 3904 genere
612 3813 664 3881 vel
684 3817 882 3880 narrationis
903 3817 955 3882 tel
977 3807 1087 3878 imita*

87 3927 183 3990 tionis
209 3927 342 4022 vitanda
365 3935 415 3990 est
437 3927 609 3990 mimorum
634 3911 860 4010 ethologorum
884 3915 1085 4014 similitudo}

868 4039 886 4095 2
920 4081 922 4090 t
