2890 4866
776 438 863 514 584

323 642 512 725 explicatis,
533 637 669 703 modicis
688 641 879 702 intervallis.-
899 639 1088 722 imaginibus
1108 653 1222 702 autem
1240 659 1332 720 agen·

321 752 404 812 tibus
412 795 426 824 ,
456 749 601 822 acribus,
622 751 798 830 insignitis,
818 771 898 834 quae
917 770 1080 810 occurrere
1088 793 1100 820 ,
1124 750 1334 832 celeriterque
1432 807 1433 816 χ

320 873 482 946 percutere
496 862 633 919 oninium
646 861 778 944 possint·
821 862 895 936 Quo
909 857 1009 938 magis
1024 857 1140 932 miror,
1166 855 1335 938 quomodo

322 967 529 1028 Metrodorus
555 967 590 1027 iu
614 969 686 1027 ΧΗ.
711 965 833 1048 signis,
868 964 1098 1048 perquaeSoi
1119 974 1236 1032 meat,
1271 974 1337 1023 tre·

323 1095 424 1136 cenos
443 1085 475 1136 et
492 1095 667 1155 sexagenos
685 1075 849 1136 invenerit
868 1075 968 1134 iocos.
1011 1073 1154 1134 Vanitas
1175 1071 1336 1130 nimirum

322 1182 387 1244 suit
403 1192 501 1264 atque
519 1179 653 1264 jactatio
679 1183 766 1242 circa
786 1181 972 1242 memoriam
997 1201 1088 1240 suam
1107 1179 1229 1262 potins
1248 1183 1337 1248 aste,

322 1312 419 1372 quam
443 1299 558 1349 natura
588 1290 769 1370 gloriantis.
810 1289 972 1370 Equidem
993 1289 1073 1350 haec
1101 1289 1144 1348 ad
1169 1286 1338 1370 quaedam

322 1397 478 1480 prodesse
498 1406 563 1455 ndn
582 1395 792 1478 negaverim,
815 1407 852 1456 ut
873 1395 900 1457 si
922 1419 1031 1456 rerum
1051 1397 1189 1455 nomina
1210 1395 1337 1468 multa,

322 1502 549 1588 perordinem
573 1504 704 1580 audita,
737 1502 900 1565 reddenda
927 1503 1003 1564 sint.
1047 1505 1199 1588 Namque
1219 1504 1255 1562 in
1276 1501 1335 1576 iis,

323 1613 405 1695 quae
433 1608 645 1690 didicerunt,
675 1611 759 1672 locis
791 1621 921 1694 Ponant
952 1632 1005 1672 res
1034 1611 1130 1689 ilias,
1170 1631 1335 1683 ascusam,

323 1730 362 1781 ut
379 1717 443 1779 hoo
469 1729 558 1793 utar,
589 1720 623 1778 in
646 1720 800 1782 vestibulo
812 1765 826 1792 ,
856 1729 890 1780 et
911 1721 1075 1803 pulvinum
1097 1722 1131 1781 in
1157 1722 1272 1789 atrio,
1304 1725 1336 1777 et

324 1826 374 1888 sic
399 1836 524 1888 ceterae
556 1825 674 1888 deinde
697 1827 878 1910 relegentes
901 1827 1100 1902 inveniunt,
1130 1830 1190 1890 uhi
1213 1847 1337 1910 posue-

324 1934 403 1996 rint.
452 1933 496 1994 Et
525 1933 663 1994 forsitan
694 1933 756 1994 hoe
792 1947 872 1996 sunt
907 1933 1030 2014 adjuti,
1063 1936 1138 2017 qni,
1175 1935 1335 1996 auctione
1431 1951 1432 1956 ¹

326 2040 478 2118 dimissa,
511 2039 590 2123 qnid
615 2039 734 2121 cuique
764 2039 1007 2137 vendidissent,
1044 2045 1189 2105 testibus
1216 2063 1336 2124 argen-

281 2239 293 2248 .
325 2147 485 2210 turiurum
502 2148 622 2208 tabulis
641 2149 866 2216 reddiderunt.
910 2147 1007 2228 Quod
1024 2153 1233 2232 praestitisse
1251 2153 1334 2210 Hor·

326 2255 506 2333 tensium*)
524 2256 650 2318 dicunt.
679 2257 789 2318 Minus
808 2257 893 2318 idem
908 2258 1056 2341 proderit
1072 2259 1104 2319 in
1126 2257 1330 2329 ediscendis,
1429 2313 1431 2330 ,

326 2385 409 2448 qaae
433 2363 591 2424 orationis
616 2374 791 2446 perpetuae
811 2375 918 2426 erunt.
961 2367 1041 2426 Nam
1060 2377 1094 2428 et
1120 2389 1242 2428 sensus
1265 2385 1330 2425 non

326 2471 462 2536 eandem
487 2471 660 2552 imaginem
687 2495 783 2553 quam
809 2495 860 2534 res
885 2472 1023 2549 babent,
1057 2497 1157 2556 quum
1187 2477 1330 2538 alterum

326 2576 513 2658 fingendum
534 2578 591 2639 sit:
624 2587 656 2638 et
679 2577 797 2640 horum
814 2589 921 2641 tamen
946 2594 1117 2663 utcunque
1140 2586 1330 2645 commonet

319 2682 438 2744 ‘locust
471 2683 527 2744 scd
554 2685 713 2745 sermonis
739 2685 879 2769 aiicujus
907 2687 1009 2749 habiti
1041 2691 1218 2752 verborum
1250 2707 1330 2750 con·

325 2796 434 2854 textus
456 2789 568 2852 eadem
592 2799 662 2852 arte
682 2793 844 2874 quomodo
865 2793 1181 2877 comprehendetur?
1212 2796 1328 2867 Mitto,
1431 2847 1432 2872 ,

325 2897 413 2980 quod
440 2897 596 2980 quaedam
623 2897 722 2958 nuliis
747 2898 931 2964 simulacris
961 2903 1137 2982 significari
1164 2908 1326 2986 possunt,
1430 2879 1431 2898 Χ

221 3037 225 3045 =
325 3015 365 3067 ut
397 3017 485 3069 certe
517 3005 778 3091 conjunctiones.
829 3010 1010 3071 Habeamus
1043 3011 1129 3072 enim
1156 3033 1258 3087 sane,
1291 3013 1329 3068 nt
1430 3037 1432 3091 3

326 3113 383 3196 qui
403 3114 492 3174 notis
509 3115 681 3190 scribunt,
706 3112 811 3179 certas
834 3115 989 3200 imagines
1012 3120 1176 3195 omnium,
1201 3131 1235 3182 et
1254 3120 1326 3176 loca

326 3222 456 3284 scilicet
473 3223 625 3298 infinita,
648 3247 706 3307 per
728 3248 810 3307 quae
830 3226 948 3303 verba,
972 3235 1053 3308 qoot
1073 3239 1150 3288 sunt
1172 3229 1205 3288 in
1232 3224 1326 3310 quin·

327 3351 392 3411 que
417 3341 530 3392 contra
557 3331 691 3392 Verrem
719 3332 883 3394 secundae
907 3333 1049 3395 actionis
1074 3333 1188 3411 libris,
1220 3330 1325 3414 capii·
1431 3328 1432 3344 ¹

327 3449 466 3512 centur,
498 3448 536 3499 ut
554 3437 798 3500 meminerimus
822 3438 919 3500 etiam
942 3441 1088 3502 omnium
1109 3442 1204 3524 quasi
1224 3442 1325 3520 depo-

326 3543 484 3605 sitorums
507 3567 616 3607 nonne
636 3546 787 3628 impediri
811 3547 943 3628 quidem
963 3551 1094 3626 eorum,
1118 3572 1200 3631 quae
1218 3547 1321 3616 dicit,

316 3659 502 3721 decursum
526 3685 660 3739 neeesse
686 3675 735 3726 est
759 3663 885 3747 duplici
905 3668 1077 3728 memoriae
1103 3667 1201 3729 cura?
1242 3666 1321 3727 Nam

328 3821 673 3842 m

364 3907 390 3981 *)
413 3909 495 3965 Hanc
505 3909 540 3962 de
555 3911 699 3966 Hortensio
712 3915 893 3967 narrationem
907 3913 988 3988 legas⁸
996 3931 1037 3986 ap.
1050 3915 1180 3968 Senecam
1193 3905 1318 3986 (Patrem)

413 4005 442 4056 in
465 4004 580 4057 Praefat.
617 4009 791 4061 Controvers.
816 4007 864 4062 ubi
886 4009 1019 4062 latronis
1040 4029 1154 4082 quoque
1176 4009 1317 4066 memoriae

412 4098 529 4154 felicitas
544 4099 638 4152 multis
652 4101 791 4154 *laudatus
