2902 4866
782 365 867 444 tet

326 563 436 644 venit,
461 564 618 654 auxilium
640 564 672 626 in
693 565 864 650 publicum
884 564 1057 652 polliceri,
1081 564 1171 648 quod
1189 563 1222 626 in
1240 586 1338 648 prae·

327 675 519 737 sontissimis
552 676 739 757 quibusque
767 674 923 757 periculis
951 673 1056 737 desit:
1089 685 1127 736 ut
1147 685 1337 736 monstrare

324 769 476 867 portum,
500 778 540 842 ad
561 782 770 865 quern-navis
790 781 965 858 accedere,
990 782 1053 844 uisi
1075 777 1205 843 lenibus
1221 781 1337 842 ventis

242 885 246 900 ¹
325 899 441 966 recta,
466 912 531 951 uon
550 890 665 972 possiti
705 889 876 971 Siquidem
898 889 1153 951 innumerabiles
1170 889 1338 950 accidunt

232 1041 233 1044 =
327 998 453 1061 subitae
484 997 720 1074 necessitates,
751 997 803 1058 vei
832 996 918 1079 apud
946 995 1176 1076 magistratus,
1198 995 1252 1055 vel
1279 1015 1339 1056 re-

326 1081 543 1190 praesentatis
577 1104 710 1190 judiciis
748 1080 908 1168 continuo
940 1101 1065 1186 agendi.
1118 1106 1267 1182 Quarum
1306 1103 1337 1163 si

328 1235 416 1296 qua,
452 1235 518 1274 non
546 1213 620 1276 dico
639 1201 828 1294 cuicunque
850 1211 1078 1273 innocentium
1097 1210 1240 1288 civium,
1277 1211 1343 1278 sed

193 1339 196 1348 ·
263 1379 265 1384 ,
329 1320 508 1382 amicorum
529 1342 566 1383 ae
581 1321 849 1402 propinquorum
869 1319 968 1383 alicui
990 1318 1153 1390 evenerit,
1187 1309 1339 1382 stabitne

326 1439 455 1529 ruptus,
491 1439 524 1504 et
550 1428 725 1490 salutarem
753 1427 941 1509 petentibus
971 1447 1104 1501 vocem,
1136 1425 1268 1502 statim,
1307 1427 1338 1486 si

327 1556 394 1596 non
423 1545 657 1621 succurratur,
693 1535 867 1618 perituris,
899 1555 1005 1594 moras
1036 1543 1067 1596 et
1104 1555 1271 1596 secessum
1301 1543 1340 1596 et

231 1721 234 1728 Ι
328 1639 496 1706 silentium
513 1653 667 1726 quaeret,
691 1643 770 1704 dum
785 1643 840 1704 illa
858 1643 956 1705 verba
968 1643 1186 1719 fabricentur,
1213 1653 1247 1705 et
1266 1665 1340 1704 me-

313 1729 449 1823 ¹moriae
470 1747 638 1828 insidant,
655 1729 704 1814 'et
721 1773 783 1812 vox
802 1773 840 1812 ac
861 1751 947 1812 latus
966 1750 1196 1834 praeparetur?
1223 1759 1224 1762 ’
1239 1753 1339 1828 Quae

263 1905 267 1911 ,
326 1881 404 1929 nero
422 1859 546 1942 patitur
562 1858 625 1924 hcc
643 1859 749 1935 ratio,
782 1867 820 1918 ut
839 1859 1014 1941 quisquam
1039 1857 1083 1920 sit
1100 1845 1210 1918 drator
1228 1858 1341 1945 impa-

325 1945 416 2030 ratiis
436 1967 475 2028 nd
497 1967 616 2036 casus?
658 1953 765 2044 Qtid,
793 1989 894 2049 quum
921 1965 1107 2025 adversario
1128 1965 1340 2048 responden-

328 2074 507 2150 durnerit,
538 2074 616 2136 fiet?
659 2075 740 2134 Nam
759 2095 855 2156 saepe
875 2095 930 2149 ea,
961 2095 1044 2156 quae
1061 2073 1187 2156 opinati
1207 2093 1338 2150 sumuS,

328 2192 362 2245 et
383 2192 497 2244 contra
524 2203 607 2264 quae
630 2182 838 2263 scripsimus,
876 2182 1017 2258 fallunt,
1055 2203 1092 2242 ae
1121 2189 1193 2242 totu
1222 2182 1339 2242 subito

330 2313 427 2352 causa
458 2273 626 2363 mutatur,⁸
672 2300 771 2372 utque
803 2299 840 2350 nt
867 2290 1077 2372 gubernatori
1109 2290 1150 2352 ad
1176 2289 1337 2351 incursus

329 2408 580 2482 tempestatum,
604 2399 652 2458 sic
675 2399 782 2480 agenti
796 2398 836 2459 ad
852 2383 1042 2460 uarietatem
1061 2420 1232 2460 causarum
1247 2400 1338 2459 ratio

272 2531 278 2548 ·
328 2508 484 2587 mutanda
505 2516 563 2568 est.
607 2507 695 2586 Quid
725 2529 822 2589 porro
851 2507 973 2568 multus
997 2507 1114 2584 stilus,
1150 2518 1182 2568 et
1203 2505 1338 2570 assidua

329 2613 451 2688 lectio,
498 2622 531 2675 et
561 2613 657 2694 longa
691 2614 876 2674 studiorum
905 2625 992 2676 aetas
1022 2615 1123 2693 facit,
1157 2594 1193 2676 ‘si
1221 2626 1338 2677 manet

332 2722 459 2793 cadem,
483 2699 566 2803 quae
586 2722 649 2782 fuit
669 2713 922 2805 incipientibus,
953 2723 1155 2785 difficultas?
1191 2724 1337 2788 Periisse

236 2850 242 2873 t
283 2833 286 2838 '
330 2833 479 2913 profecto
506 2830 732 2892 confitendum
759 2841 808 2892 est
831 2819 1045 2914 praeteritum
1075 2831 1241 2910 laborem,
1279 2835 1340 2896 cui
1432 2817 1433 2834 Χ

296 2959 459 3021 ,semper
475 2937 560 3000 idern
582 2937 794 3000 laborandum
814 2947 873 3000 est.
915 2939 1030 3021 Neque
1046 2960 1104 3022 ego
1122 2937 1185 3002 boc
1202 2935 1273 3023 ego,
1298 2953 1341 3005 ut

332 3067 372 3109 ex
387 3056 532 3130 ternpore
550 3047 658 3110 dicere
682 3047 793 3124 malit,
817 3025 875 3107 sed
896 3023 932 3109 ut
951 3048 1065 3129 pessit.¹

363 3183 365 3188 ·
395 3153 432 3214 ld
452 3165 561 3216 autem
581 3155 719 3216 maxime
740 3155 802 3216 boc
821 3143 923 3215 modo*
936 3177 1167 3240 consequemur.

270 3266 276 3271 ”
372 3251 477 3324 noia
500 3263 544 3324 sit
570 3265 710 3346 primum
736 3262 868 3324 dicendi
897 3263 957 3324 via.
995 3265 1113 3345 Neque
1135 3257 1223 3324 enim
1242 3262 1336 3345 prius
1432 3259 1433 3290 a

335 3371 525 3454 contingere
541 3391 655 3433 cursus
675 3380 802 3454 potest,
822 3393 920 3452 quum
941 3370 1131 3449 scierimus,
1156 3392 1221 3453 quo
1237 3372 1282 3433 sit
1298 3381 1336 3464 et
1432 3437 1433 3448 χ

335 3501 399 3558 qua
419 3478 686 3560 perveniendum.
718 3481 785 3540 Nec
805 3478 884 3542 satis
904 3489 967 3556 est,
983 3501 1049 3540 nou
1065 3478 1225 3562 ignorare,
1240 3468 1335 3560 *quae

334 3594 414 3662 suut
441 3580 610 3649 ca‘usaru'm
633 3587 837 3671 judicialium
862 3597 992 3671 partes,
1025 3583 1082 3650 aut
1103 3585 1334 3673 quaestionum
1432 3599 1433 3604 ’

376 3835 380 3840 ’
421 3823 491 3876 utile
509 3833 567 3888 est,
588 3826 670 3878 etiam
685 3825 776 3879 subito
790 3843 871 3898 saepe
886 3825 994 3884 dicere.
1014 3833 1106 3878 tamen
1128 3823 1200 3876 iliud
1216 3823 1331 3888 attilius,

420 3925 528 3986 sumpto
554 3920 641 3990 spatio
663 3921 697 3973 ad
720 3922 896 3990 cogitandum
922 3920 1043 3998 paratius
1069 3919 1331 3990 atqueaaccuratius

347 4024 349 4030 ’
421 4011 545 4076 diceres
641 4061 644 4066 ,
781 4005 783 4010 ’
1079 4003 1081 4010 “
