2942 4864
739 344 752 376 1

796 448 878 526 508

344 623 515 710 oratii'riam
546 647 611 707 rim
637 647 743 707 inanis
772 645 927 728 quaedam
951 642 1146 728 profluentia
1165 641 1335 726 loquendi.

343 755 466 817 Studiis
492 767 600 818 autem
627 755 721 815 bonis
749 752 866 812 similia
891 752 1043 812 videntur
1064 773 1119 826 ea,
1153 759 1335 831 quaesunt

345 860 378 920 in
412 830 526 922 eodem
572 882 688 944 genere
725 857 832 920 nimia.
892 858 1107 936 Quamobrem
1148 855 1253 916 omnis
1283 855 1334 916 vis

346 967 502 1030 laudandi
531 967 805 1050 vituperandique
836 983 874 1028 ex
909 965 959 1026 his
998 975 1144 1026 sumetur
1177 964 1336 1024 virtutum

347 1075 570 1157 vitiorumque
602 1075 763 1158 partibus:
802 1073 859 1134 sed
893 1075 926 1132 in
958 1079 1028 1132 toto
1058 1071 1151 1154 quasi
1180 1079 1337 1131 contextu

345 1183 502 1245 orationis
539 1183 617 1242 haec
647 1193 745 1244 erunt
771 1180 965 1248 illustranda
990 1180 1142 1254 maxime,
1182 1178 1339 1260 quemad·

275 1366 277 1369 f
346 1291 475 1350 modum
491 1288 632 1370 quisque
651 1296 841 1370 generatus,
865 1286 1135 1369 quemadmodum
1156 1285 1336 1373 educatus,

348 1393 617 1512 quemadmodum
642 1393 812 1456 institutus
840 1373 1048 1476 moratusque
1078 1392 1195 1453 fuerit:
1226 1403 1275 1467 et,
1310 1391 1338 1452 si

349 1501 430 1584 quid
448 1500 501 1564 cui
521 1522 690 1630 magnum,
712 1511 769 1562 aut
787 1499 976 1578 incredibile
991 1499 1168 1574 acciderit,
1191 1500 1340 1560 maxime-

351 1716 438 1800 quod
456 1714 597 1798 quisque
618 1689 767 1791 senserit,
790 1716 920 1791 dixerit,
943 1714 1097 1797 gesserit,
1122 1715 1161 1774 sd
1178 1737 1232 1790 eu,
1257 1735 1340 1796 quae

350 1824 515 1908 proposita
542 1833 638 1900 sunt,
669 1823 825 1884 virtutum
849 1843 965 1904 genera
987 1822 1338 1898 accommodabuntur,

352 1952 400 1992 exi
422 1930 484 1992 illis
519 1929 634 1992 iisdem
665 1929 851 1992 inveniendi
885 1928 967 1990 locis
999 1951 1133 2006 causae,
1168 1951 1277 1992 rerum
1308 1938 1340 1990 et

352 2047 488 2120 eventus
520 2047 553 2100 et
583 2037 818 2120 consequentia
850 2036 1070 2118 requirentur.
1121 2038 1233 2118 Neque
1262 2058 1341 2097 vero

353 2123 439 2212 mors
458 2166 589 2221 eorum,
620 2167 759 2227 quorum
780 2144 845 2204 vita
864 2144 1066 2219 laudabitur,
1097 2145 1228 2206 silentio
1248 2153 1342 2226 prae-

353 2252 446 2313 teriri
469 2253 614 2326 debebit;
646 2253 673 2313 si
698 2252 793 2314 modo
814 2251 894 2334 quid
917 2253 978 2312 erit
1001 2252 1339 2327 animadvertendum,

354 2370 411 2420 aut
438 2361 471 2419 in
499 2361 570 2440 ipso
597 2380 713 2440 genere
735 2358 867 2435 mortis,
898 2369 954 2419 aut
980 2358 1013 2418 in
1038 2359 1076 2418 iis
1108 2359 1343 2441 rebus,*quao

354 2475 429 2550 post
450 2477 586 2527 mortem
606 2475 703 2526 erunt
723 2476 945 2548 consequutae
967 2467 1003 2542 ³).

545 2623 746 2689 Quintilianus.
781 2621 817 2692 (1.
833 2623 885 2675 111.
902 2638 925 2675 c.
942 2639 965 2690 7.
983 2625 1004 2688 t.
1022 2627 1054 2676 23
1069 2623 1163 2695 seqq.)
1179 2591 1195 2620 ι
1227 2653 1234 2663 1

405 2736 579 2800 Interesse
609 2751 721 2802 tamen
749 2740 942 2802 Aristoteles
968 2751 1081 2824 putat,
1116 2743 1170 2803 ubi
1198 2743 1343 2825 quidque

355 2847 525 2924 laudetur,
550 2846 856 2932 tiutvituperetur*
860 2851 894 2927 *.)
936 2850 1016 2910 Nam
1037 2851 1211 2934 plurimum
1231 2853 1341 2929 refert

357 2953 416 3040 qui
445 2955 511 3019 sint
545 2935 746 3019 audientium
777 2981 902 3035 mores,
943 2979 1024 3040 quae
1053 2941 1181 3062 publice
1213 2967 1343 3042 recepta

356 3064 536 3147 persuasiO.
560 3075 597 3125 ut
617 3066 673 3125 itta
690 3066 845 3143 maxime,
870 3089 952 3148 quae
971 3051 1138 3148 probarit,
1153 3087 1221 3126 esse
1240 3068 1272 3125 in
1292 3088 1341 3141 eu,

360 3171 416 3254 qui
449 3171 653 3251 laudabitur,
688 3175 840 3247 credant3
877 3187 934 3236 aut
961 3175 992 3235 in
1020 3199 1076 3249 eo,
1109 3163 1222 3238 contra
1247 3161 1344 3256 quem
1454 3211 1455 3222 ι

358 3281 523 3358 dicemus,
557 3304 612 3358 ea,
643 3304 724 3364 quae
758 3281 905 3344 oderunt
950 3287 997 3345 Ita
1024 3305 1087 3343 non
1099 3259 1251 3344 dubium
1282 3283 1344 3344 erit
1454 3251 1455 3276 ³

358 3387 527 3474 judicium,
551 3387 639 3468 quod
656 3389 835 3451 orationem
849 3388 1067 3472 praecesserit.
1090 3359 1279 3474 Ipsortim
1249 3389 1343 3450 etiam

359 3493 581 3577 permiscenda
611 3494 682 3554 laus
708 3515 834 3577 semper
858 3501 951 3573 (narn
978 3493 1204 3557 id‘benevolos
1227 3495 1343 3572 facit),

361 3601 489 3682 quoties
517 3610 623 3662 autem
653 3601 723 3662 fieri
751 3601 888 3684 poterit,
924 3624 998 3666 cum
1028 3603 1177 3664 materiae
1203 3601 1345 3664 utilitate

339 3702 531 3788 'jungenda
584 3708 693 3768 Minus
735 3709 974 3772 Lacedaemone
1011 3709 1118 3771 studia
1145 3693 1344 3786 iberorum,

356 3831 459 3894 ,quarn
481 3813 636 3894 Athenis,
670 3815 803 3877 honoris
823 3817 1047 3879 merebuntur:
1078 3816 1150 3898 plus
1170 3815 1345 3900 patientia,

368 3919 715 3976 -’--’-,.-.-..

410 4001 491 4072 *)ot
507 4005 620 4057 omniuo
637 4009 750 4060 Aristus.
771 4007 846 4060 thei.
866 4010 884 4059 t.
904 4023 926 4060 c.
942 4025 968 4076 9.
1454 4079 1455 4100 Χ

398 4096 536 4167 ”Mite
554 4098 630 4152 utet
647 4100 669 4152 1.
687 4116 751 4168 ας.
769 4103 791 4166 §.
809 4104 850 4154 so
886 4095 1012 4159 Σιοιιιῖν
1032 4101 1064 4160 di
1084 4107 1154 4176 sas,
1180 4105 1246 4179 παρ’
1266 4103 1312 4170 οἷς
1329 4105 1346 4158 ὁ
1454 4159 1455 4198 ἰ

451 4191 607 4260 ἔπαινος·
660 4215 665 4220 ·
