2814 4872
542 408 632 546 ars

171 669 296 736 Natura
318 670 410 737 fieret
431 667 595 737 laudabile
618 691 749 734 carmen
771 691 812 732 en
835 679 924 749 erte,

174 779 368 857 Quaesitum
384 779 456 841 est.'
472 779 542 864 Ego
558 801 619 842 nec
636 778 868 842 studiumsine
882 771 1092 858 dirite‘vena,
1197 815 1202 826 ·

94 959 98 962 ,
171 887 239 951 llec
260 886 341 950 rude
363 887 443 972 quid
466 889 592 974 prosit,
627 887 741 964 rideo,
777 886 953 978 ingenium:
999 887 1094 952 Alte·

690 1015 759 1055 rius
784 1015 832 1054 sac

172 1097 287 1165 Altera
308 1102 417 1186 'poscit
437 1123 535 1190 opem
555 1124 613 1184 res¹
630 1113 663 1174 a
686 1101 836 1186 conjurat
857 1101 970 1164 amice.
995 1104 996 1108 ’

721 1207 819 1289 (Ibid.
841 1231 871 1273 r.
893 1211 956 1286 408
979 1213 1090 1294 seqq.)

169 1315 238 1378 Aut
254 1311 411 1402 prodesse
429 1317 567 1398 volunt,
590 1330 647 1382 eut
667 1318 831 1382 delectare
847 1327 962 1402 poetae
981 1315 1029 1396 *),

175 1426 241 1488 Aut
261 1425 356 1488 simul
375 1439 408 1490 ct
423 1423 569 1510 jucunda
588 1439 621 1490 et
638 1427 754 1490 idonea
771 1427 879 1490 dicere
896 1425 993 1488 vitae.

172 1530 344 1614 Quidquid
364 1535 563 1618 praecipies:
587 1542 657 1596 esto
675 1533 804 1612 brevis,
828 1545 865 1596 ut
885 1534 950 1596 cito
969 1534 1058 1596 dicta

173 1640 365 1723 Percipient
384 1635 484 1702 animi
506 1641 652 1718 dociles,
675 1651 877 1724 teneantque
896 1639 1018 1704 fideles.

144 1733 148 1742 ‚
170 1749 278 1810 Omne
295 1743 533 1834 supervacuum
551 1747 648 1831 pleno
667 1747 706 1810 de
729 1760 863 1832 pectore
882 1760 1001 1828 manat.

169 1855 264 1919 Ficta
280 1856 458 1941 voluptatis
476 1879 575 1920 causa
592 1855 660 1927 sint
678 1836 938 1942 proximaveris.
959 1894 998 1904 —

170 1964 278 2028 Omne
293 1965 372 2026 tulit
389 1976 569 2048 punctum,
593 1964 650 2047 qni
668 1964 802 2026 miscuit
819 1963 900 2026 utile
923 1963 1035 2042 dulci,

168 2075 342 2136 Lectorem
361 2073 555 2136 delectando
575 2071 764 2157 pariterque
784 2071 958 2133 monendo.

747 2179 813 2257 (lb.
836 2203 867 2241 r.
889 2181 951 2242 533
975 2181 1090 2262 seqq.)

148 2287 216 2372 (Ut
236 2287 365 2372 pictura
387 2287 495 2372 poesie
519 2287 600 2366 erit,
624 2307 729 2370 quae,
753 2286 780 2348 si
803 2287 937 2370 propius
960 2297 1047 2365 stes,

171 2397 220 2460 Te
238 2396 345 2480 capiet
363 2387 484 2480 magis,
508 2403 542 2458 et
559 2393 717 2479 quaedem
738 2393 766 2456 si
784 2393 913 2478 longius
931 2396 1050 2457 obstes.

169 2505 258 2568 Haec
277 2515 363 2568 amat
381 2505 576 2581 obscurum,
601 2503 690 2586 nolet
708 2503 789 2566 llaec
808 2504 867 2565 sub
882 2503 958 2565 luce
974 2500 1092 2584 videri,

171 2613 297 2678 Iudicis
315 2623 484 2696 argutum,
510 2633 594 2694 quae
612 2633 679 2674 non
696 2611 849 2672 formidat
867 2617 1016 2676 acumen.

171 2722 261 2784 Haec
276 2721 401 2806 placuit
416 2721 535 2796 eeme13
559 2721 641 2783 haec
658 2719 767 2783 decies
784 2724 923 2805 repetita
938 2721 1093 2806 placebit.

564 2877 575 2908 a
763 2847 765 2852 ·
824 2824 925 2908 (ibid.
947 2851 978 2891 v.
1001 2829 1092 2907 561.)
1173 2898 1178 2909 ‚

176 2963 216 2988 -·
240 2973 278 2987 -
300 2971 342 2984 ·-
362 2934 583 2998 Mediocrihus
607 2957 679 2998 esse
700 2935 805 3019 poetis

171 3023 245 3109 Non
263 3045 315 3123 dt,
338 3065 405 3106 non
421 3044 590 3124 homines,
614 3065 679 3104 non
697 3063 890 3106 concessere
909 3037 1092 3106 columnae.

153 3189 215 3214 ,-
237 3153 364 3216 Animis
382 3162 496 3216 natum
514 3153 752 3234 inventumque
768 3171 881 3236 poema
898 3149 1050 3235 juvandis
1060 3191 1070 3227 ,

173 3259 208 3324 si
229 3261 362 3345 paulum
380 3283 398 3320 a
418 3281 543 3322 summo
562 3257 736 3338 discessit,
758 3259 864 3342 vergil
881 3257 921 3319 ad
940 3259 1051 3324 imum.

172 3477 226 3540 Tu
248 3446 329 3538 nihil
352 3475 456 3540 inrita
471 3475 730 3544 ‘dicesfaciesve
751 3477 911 3538 Minerva.

164 3570 168 3578 '
608 3664 614 3673 .
643 3582 742 3664 (uua
764 3605 795 3646 v.
817 3585 874 3665 371
901 3579 1089 3674 κμγ’).

137 3783 165 3856 ”)
181 3787 230 3844 Τὸ
255 3742 395 3844 nlalcron
419 3785 451 3843 δὲ
475 3783 584 3854 ἡδονῆς
604 3758 629 3850 ii
652 3781 768 3851 ποίησις
791 3775 881 3858 οἶμαι
902 3781 1092 3854 στοχάζιτᾳι.

179 3878 343 3952 Hermogen.
366 3883 402 3938 de
422 3879 559 3938 formica.
579 3879 599 3935 l.
622 3881 644 3932 1.
666 3895 690 3932 o.
711 3881 735 3934 5.

41 4003 45 4010 ·
123 3971 398 4048 ”)ct.sat.1.4.
440 3975 508 4052 Epp.
532 3977 555 4030 1:
575 3993 602 4046 9·
645 3973 682 4028 11.
706 3989 716 4031 ι
742 3979 772 4031 et
792 3989 817 4028 π.
904 4020 907 4028 .
