2970 4868
787 392 872 472 284

320 603 454 658 temere
479 613 517 654 ac
535 579 628 656 oolla
650 588 778 654 ratione
799 609 913 654 causas
925 585 968 682 'io
988 588 1062 652 loro
1081 586 1213 665 dicant,
1245 609 1333 650 non·

329 703 414 764 nulli
435 709 542 762 autern
563 692 698 784 propter
720 697 989 762 exercitationem
1010 707 1067 760 aut
1091 701 1226 780 propter
1248 717 1332 758 con·-

323 807 539 872 suotudinem
560 806 705 890 aliquam
721 806 872 868 callidius
891 806 926 868 id
944 805 1089 879 laciantr
1113 826 1179 866 non
1202 815 1252 866 est
1268 803 1333 864 du-

327 917 441 993 bium,
465 915 571 999 quin,
594 916 622 976 si
642 916 716 998 quis
734 913 1022 992 animadverterit,
1041 913 1127 997 quid
1147 914 1204 991 sit,
1227 933 1330 996 quara

307 1024 385 1086 ¹alii
404 1024 544 1100 melius,
569 1045 666 1108 qnam
681 1023 738 1084 alu
750 1023 882 1102 droant
906 1023 940 1084 id
957 1022 1061 1106 possit
1078 1033 1202 1086 notare.
1244 1021 1330 1104 Ergo

330 1133 366 1194 id
387 1132 445 1217 qui
467 1142 537 1196 toto
557 1132 590 1193 in
608 1154 726 1216 genere
744 1132 920 1211 fecerit‚'
910 1153 937 1192 rs
955 1129 982 1193 si
1003 1152 1070 1193 non
1090 1131 1188 1215 plane
1208 1137 1329 1208 artem,

328 1253 364 1306 at
379 1242 591 1325 quaerentem
613 1240 776 1324 quandam
797 1241 974 1302 invenerit.
1003 1275 1044 1290 -·
1066 1273 1109 1288 -
1150 1217 1330 1302 Nunchoc

329 1370 498 1434 propono,
531 1347 621 1430 quod
640 1347 720 1418 mihi
736 1348 901 1432 persuasi,
933 1347 1081 1431 quamvis
1107 1367 1158 1406 ars
1177 1345 1329 1422 nonsit,

330 1467 441 1520 tamen
473 1453 555 1516 nihil
581 1457 819 1540 esse-perfecto
843 1465 973 1518 oratore
997 1453 1208 1538 praeclarius.
1247 1454 1330 1516 Nam

329 1573 370 1626 ut
396 1584 491 1624 usum
522 1549 852 1642 dicendi'omitram,
884 1562 942 1646 qui
968 1554 1003 1624 iri
1035 1561 1125 1628 omni
1154 1570 1267 1646 pacata
1296 1569 1331 1624 et

328 1669 434 1734 libera
453 1671 587 1736 civitate
607 1672 812 1748 dominatur,
835 1681 926 1734 tanta
946 1671 1123 1734 oblectatio
1141 1679 1191 1740 est
1206 1669 1240 1730 in
1259 1669 1332 1753 ipsa

328 1779 489 1848 facultate
505 1779 657 1858 dicendi,
681 1792 718 1844 ut
737 1778 821 1840 nihil
841 1751 1011 1849 hominnm
1028 1788 1086 1840 aut
1106 1779 1251 1854 auribus,
1274 1784 1333 1840 snt

327 1885 493 1951 mentitur
520 1885 699 1971 jucundius
719 1887 845 1974 percipi
864 1887 978 1970 possit
1022 1887 1087 1966 Qui
1106 1885 1193 1948 enim
1212 1896 1332 1948 cantus

327 2004 472 2058 moratae
509 1995 666 2058 orationis
706 1993 982 2080 pronunciatione
1022 1993 1151 2057 dulcior
1188 1991 1332 2056 inveniri

326 2103 458 2188 potest?
481 2102 570 2186 quod
585 2125 722 2167 carmen,
734 2101 912 2166 artificiosa
923 2103 1096 2166 verborum
1112 2102 1332 2166 conclusione

327 2210 461 2294 aptius?
484 2211 542 2295 qui
558 2221 652 2274 actor
668 2213 703 2274 in
722 2213 899 2289 imitanda,
922 2233 1020 2296 quam
1041 2221 1153 2273 orator
1173 2211 1207 2272 in
1225 2211 1333 2273 susci-

327 2318 447 2404 pienda
479 2320 618 2383 veritate
653 2318 853 2404 jucundiori
895 2321 983 2399 Quid
1012 2329 1124 2383 autem
1154 2319 1330 2395 subtilius,

330 2449 428 2510 quem
456 2437 572 2490 acutae
599 2428 800 2510 crebraeque
822 2427 1029 2492 sentcntiae?
1061 2426 1143 2512 quid
1162 2425 1332 2489 admirabi-

240 2546 249 2603 ’,
327 2533 415 2611 lius,
446 2553 545 2618 quam
566 2554 617 2596 res
638 2534 810 2619 splendore
837 2535 1001 2600 illustrata
1024 2534 1220 2598 verborum?
1251 2533 1331 2619 quid

326 2641 482 2726 plenius,
507 2661 607 2727 quam
629 2644 720 2706 omni
739 2666 848 2707 rerum
874 2665 993 2728 genere
1020 2623 1183 2706 cumulata
1204 2643 1330 2706 oratio?

328 2750 443 2833 Neque
465 2751 553 2814 euim
579 2751 646 2814 ulla
676 2775 742 2814 nou
766 2752 897 2835 propria
916 2751 1053 2814 oratoris
1075 2761 1125 2815 est
1142 2771 1215 2830 res,
1246 2771 1332 2834 quae

237 2896 240 2910 ·
331 2856 464 2942 quidem
488 2871 602 2924 oruata
631 2861 698 2924 dici
726 2860 932 2944 graviterque
957 2859 1082 2923 deberit.
1125 2859 1162 2940 (l.
1179 2861 1219 2922 11.
1237 2881 1265 2920 c.
1282 2859 1330 2935 8.)

321 2963 434 3049 ‚Hujus
457 2977 506 3028 est
529 2968 564 3028 in
592 2968 699 3031 dando
726 2967 866 3058 consilio
890 2967 931 3030 de
960 2968 1106 3030 maximis
1129 2969 1228 3030 rebus
1253 2988 1330 3028 curn

330 3073 491 3156 dignitate
518 3077 679 3160 explicata
705 3076 882 3138 sententia:
915 3073 1060 3160 ejusdem
1081 3085 1114 3139 et
1142 3073 1329 3160 languentis

328 3182 444 3264 populi
463 3182 604 3246 imitatio
629 3193 662 3247 et
683 3184 830 3246 effrenati
854 3181 1044 3246 moderatio.
1085 3184 1207 3246 Eadem
1227 3183 1331 3274 facul·

329 3299 398 3352 tate
420 3302 454 3356 et
471 3292 560 3354 fraus
585 3292 756 3355 hominum
780 3291 821 3352 ad
847 3293 1027 3376 perniciem
1045 3303 1080 3355 ct
1097 3275 1266 3375 integritas
1289 3291 1331 3352 ad

330 3398 468 3460 salutern
491 3411 637 3462 vocatur.
680 3400 760 3478 Quis
783 3399 946 3462 cohortari
968 3399 1009 3462 ad
1030 3400 1187 3462 virtutem
1210 3401 1330 3464 arden-

328 3504 417 3584 tius,
447 3507 521 3590 quis
546 3529 563 3568 a
588 3507 676 3570 vitiis
701 3507 809 3570 acrius
834 3511 1012 3585 roiocare,
1047 3508 1121 3591 quis
1142 3509 1330 3592 vituperare

329 3613 494 3696 improbos
512 3615 657 3700 asperius
667 3657 678 3689 ‚
701 3615 775 3698 quis
791 3615 924 3678 laudare
941 3616 1045 3678 bonos
1062 3617 1231 3696 ornatius,
1253 3619 1328 3701 quia

330 3722 545 3804 cupiditatem
565 3721 790 3787 vehementius
810 3725 958 3807 stangere
981 3724 1179 3802 accusando,
1200 3727 1333 3808 potest?

264 3897 267 3908 Ι
330 3829 405 3916 qqis
432 3851 613 3893 moerorem
635 3831 744 3896 levare
772 3832 894 3910 mitius*
917 3830 1142 3894 consolando?
1184 3831 1334 3896 Historia

328 3958 406 3998 vero
425 3940 517 4002 testis
535 3949 741 4023 temporum,
773 3939 830 4000 lus
849 3939 1019 4017 veritatis,
1050 3939 1121 4002 vita
1142 3941 1330 4017 memoriae,

329 4045 482 4128 magistra
498 4046 606 4126 vitae,
630 4048 746 4114 nuntio
764 4047 936 4112 vetustatis
947 4091 957 4126 ,
981 4067 1047 4132 quo
1061 4068 1142 4112 voce
1161 4047 1243 4126 alia,
1265 4044 1331 4114 niii
