2890 4866
520 476 627 558 :5751

510 685 535 764 ς.
577 685 627 750 6⁵.

175 810 180 824 '
288 815 350 896 'De
380 835 535 900 genera
565 810 839 918 historicos).

369 989 468 1044 Cicero
504 987 650 1061 (Pluribus
667 983 763 1057 lorii),

26 1110 29 1122 '
86 1067 88 1075 i
125 1107 215 1178 ,Huic
236 1105 347 1190 generi
373 1107 462 1188 (scil.
482 1109 700 1193 Sophr'starum
724 1102 906 1168 florentiani
933 1103 1073 1187 philoso-

66 1214 162 1302 phiae
180 1215 310 1300 generi)
332 1215 467 1285 historia
488 1215 626 1275 finitima
644 1222 714 1291 est,
738 1215 772 1276 in
790 1235 855 1296 qna
873 1223 905 1276 et
922 1225 1073 1278 narratur
1096 1209 1104 1224 ⁶

68 1335 204 1402 ornate,
238 1333 270 1385 et
287 1323 376 1406 regio
399 1345 493 1406 saepe
514 1332 570 1382 aut
589 1343 695 1406 pugna
715 1315 932 1396 describitur;
970 1322 1073 1384 inter-

66 1441 237 1514 ponuntur
254 1431 351 1494 etiam
374 1433 553 1494 conciones
575 1439 607 1492 et
626 1429 849 1494 hortationes:
885 1430 942 1492 scd
965 1429 998 1490 in
1021 1431 1073 1491 his

67 1549 174 1601 tracta
202 1539 362 1621 quaedam
391 1549 424 1600 et
449 1537 553 1601 fluens
579 1539 763 1622 expetitur,
798 1559 863 1599 non
889 1537 970 1600 hacc
994 1559 1075 1598 con·

68 1653 158 1710 ‚terta
178 1645 444 1708 etacrisoretioa
477 1647 630 1724 (Orate.
649 1648 873 1721 20.)—---
903 1645 1075 1707 Videtisne

69 1764 370 1834 quantummunus
388 1751 431 1814 sit
450 1751 588 1813 oratoris
605 1749 764 1833 historia?
801 1749 889 1812 hand
912 1751 999 1828 scio,
1031 1773 1074 1814 an
1121 1820 1129 1828 ,

69 1853 202 1921 flumine
219 1860 379 1923 orationis
400 1870 432 1922 et
450 1861 608 1922 varietate
627 1847 817 1920 marimum:
843 1881 949 1942 neque
966 1871 1074 1922 tamen

73 1988 143 2028 eam
171 1970 296 2053 reperio
325 1991 465 2051 usquam
486 1967 660 2051 separatim
683 1967 878 2029 instructam
906 1967 1077 2030 rhetorum

68 2077 273 2158 praeceptis;
309 2077 369 2138 sita
395 2087 471 2156 sunt
500 2077 694 2162 enimenta
719 2076 843 2136 oculos.
892 2077 974 2137 Nam
1000 2075 1075 2159 quis

70 2185 178 2246 nescit
206 2184 343 2267 primam
372 2203 442 2244 esse
474 2181 631 2245 historiae
658 2182 788 2264 legem,
825 2203 866 2243 ne
892 2181 973 2264 quid
1000 2182 1076 2242 falsi

74 2289 183 2354 dicere
204 2291 342 2352 audeat?
376 2289 494 2355 deinde
513 2310 555 2350 ne
574 2289 654 2372 quid
674 2311 750 2350 vere
772 2310 836 2352 non
858 2290 996 2350 audeat?
1013 2361 1017 2372 ¹
1034 2309 1076 2351 nc

75 2421 139 2481 qua
161 2397 304 2480 suspicio
319 2398 444 2480 'gratiae
462 2397 504 2457 sit
522 2397 553 2456 in
580 2397 775 2462 scribendo?
807 2419 848 2459 ne
872 2419 936 2480 clue
962 2396 1078 2458 simul-

74 2506 177 2568 tatis?
219 2507 305 2568 Haec
322 2489 453 2566 ⁴scilieet
473 2504 686 2566 fundamenta
710 2515 787 2568 nota
812 2517 890 2569 sunt
915 2506 1077 2568 omnibus.

73 2615 145 2696 Ipsa
164 2624 272 2686 autern
295 2611 519 2678 exaedificatio
539 2607 643 2696 posita
666 2625 717 2676 est
735 2614 767 2675 in
786 2599 882 2676 rehus
908 2623 940 2676 et
958 2613 1077 2676 verbis.
1156 2659 1160 2672 ,

74 2722 195 2785 nerum
214 2721 296 2782 ratio
314 2721 463 2784 ordinem
483 2704 668 2804 temporum
688 2722 870 2798 desiderat,
905 2723 1078 2805 regionum

76 2828 348 2911 descriptionem:
373 2831 442 2892 vult
463 2828 581 2903 etium,
613 2830 768 2912 quoniam
784 2829 817 2891 in
836 2830 932 2890 rebus
952 2830 1078 2912 magnis

76 2937 296 3019 memoriaque
330 2921 436 3019 dignis
467 2937 606 2999 consilia
634 2936 798 3019 primum,
836 2935 955 2997 deinde
984 2947 1076 3014 ecta,
1151 2999 1156 3018 Ι

77 3054 189 3126 postea
222 3053 358 3106 eventus
390 3053 642 3127 exspectentur,
674 3042 772 3105 etde
798 3043 946 3104 consitiis
974 3044 1079 3127 signi-

79 3150 187 3229 ficari,
212 3151 292 3234 quid
312 3151 454 3233 scriptor
471 3151 603 3233 probet,
627 3161 659 3212 et
681 3151 714 3211 in
734 3151 831 3211 rebus
851 3151 947 3233 gestis
968 3152 1078 3213 decia-

79 3259 162 3335 rari,
187 3259 375 3322 conscium
391 3257 470 3342 quid
486 3271 595 3322 actum
613 3269 668 3318 aut
683 3255 808 3319 dietum
825 3257 880 3336 sit,
904 3258 961 3319 sed
979 3260 1078 3321 etiam

80 3368 262 3447 quomodo:
296 3378 420 3430 etcum
444 3355 624 3428 de'eventu
648 3365 795 3442 dicatur,
828 3377 865 3428 ut
885 3389 1000 3428 causae
1022 3388 1078 3428 ex·
1108 3391 1111 3398 ⁴

79 3475 244 3554 plicentur
261 3497 372 3538 omnes
389 3471 439 3536 vel
458 3495 554 3537 casus
573 3474 624 3536 vel
645 3474 841 3556 sapientiae,
875 3475 927 3536 vel
947 3461 1077 3536 temeri-

21 3629 24 3646 ,
80 3583 171 3645 tatis:
205 3577 441 3665 hominumque
465 3582 609 3664 ipsorum
634 3604 699 3643 non
728 3581 840 3674 sotum,
863 3603 914 3644 res
947 3591 1074 3665 gestae,

22 3701 25 3785 i

78 3669 250 3756 sedetiam
270 3691 450 3773 quit'ama,
483 3689 870 3770 *eonomineexcellunb
900 3690 940 3754 de
964 3687 1078 3775 cujus·
1154 3674 1159 3682 ¹

24 3837 27 3878 ξ
82 3843 435 3868 ..Μ-

159 3950 335 4022 philosophia
349 3953 462 4021 ingenio
479 3951 653 4030 remmtiut:¹
666 3951 780 4004 multum
800 3963 894 4004 temen
911 3969 1012 4022 operae
1025 3954 1075 4006 im·
1136 4025 1143 4042 ·

158 4045 246 4115 pendi
262 4047 356 4100 verbis
370 4063 428 4098 non
443 4061 559 4116 oportet.
633 4055 636 4059 '

124 4135 148 4207 'J
166 4140 206 4196 Cf.
224 4143 346 4198 desthet
363 4142 435 4196 liter.
453 4157 531 4196 vern.
548 4143 626 4198 Tum.
640 4143 677 4197 11.
697 4144 721 4210 §-
737 4141 787 4213 ³4²
805 4161 881 4218 seqq.
