2888 4876
793 449 844 496 ΧΙΙ

511 617 560 680 De
581 637 699 700 genere
720 615 888 680 historico.
929 621 954 700 3.
974 617 1025 686 65.

507 701 556 764 De
584 705 686 784 formo¹
716 701 876 786 dialogico
906 713 939 766 et
960 701 1110 788 inprimis
1132 699 1310 790 epio'toliee.

566 788 590 868 ς.
612 787 662 848 ee.

634 941 916 1044 Adpendix
957 943 990 1020 L

477 1093 579 1156 De
600 1091 750 1153 memoria
771 1103 799 1154 et
817 1093 1091 1178 pronunciatione.

76 1181 246 1286 'isso
320 1193 398 1290 ca.
434 1207 457 1268 1.
501 1210 549 1270 De
570 1227 728 1268 memoria

34 1671 223 1850 ..in

320 1291 396 1374 Cap.
416 1292 455 1352 11.
496 1294 544 1352 De
564 1271 872 1375 pronunciatione.
897 1293 1030 1367 ιιιιίοιιι.

614 1449 909 1550 Adpendix
958 1448 1013 1524 Π.
1083 1473 1140 1556 g*

319 1600 368 1660 De
388 1599 454 1660 oia
461 1619 497 1658 ac
511 1601 632 1659 ratione
644 1599 852 1682 comparandi
863 1601 938 1660 ortis
950 1599 1107 1660 literarzae
1114 1598 1307 1682 facultatem.

320 1707 394 1786 Cap.
442 1708 464 1766 1.
496 1708 678 1802 Praecepto
703 1707 854 1768 nonnullo
873 1707 1038 1786 generalia.

178 1809 196 1830 ι’
319 1789 394 1870 (Ῐι.ιρ
425 1791 465 1848 ΙΙ.
507 1790 555 1848 De
576 1803 698 1849 ratione
720 1803 747 1849 et
770 1791 900 1850 utilitate
923 1789 1055 1870 legendi.

319 1873 394 1955 Cap
415 1873 470 1932 lll.
506 1874 554 1932 De
575 1873 735 1934 scribendi
755 1874 990 1932 exercitatione.

559 1959 587 2031 ιι)
610 1961 656 2020 De
679 1955 822 2016 utilitate
844 1953 1019 2016 scribendi.

555 2039 587 2115 b)
610 2043 656 2102 De
679 2038 774 2098 modo
797 2049 829 2100 et
850 2039 984 2100 materia
1004 2033 1177 2100 serssiendi.

560 2126 588 2198 e)
611 2127 658 2184 De
681 2121 909 2184 emendatione

318 2205 395 2287 Cap.
417 2206 473 2266 lv.
515 2205 596 2266 De
583 2209 766 2278 intentatione.

318 2288 392 2371 Cap.
423 2290 462 2352 V·
504 2287 552 2350 De
574 2291 760 2370 cogitatione
783 2299 815 2347 et
825 2285 961 2368 judicio.

557 2377 584 2446 ιι)
557 2373 654 2431 aDe
677 2367 885 2444 cogitatione.

555 2453 587 2528 )
608 2455 655 2512 De
677 2431 860 2530 judicandis
884 2449 1080 2530 scriptorum
1102 2450 1264 2534 operibus.

318 2535 393 2616 Cap.
428 2533 495 2592 Vl.-
524 2537 572 2594 De
584 2535 737 2617 facultate
758 2553 799 2594 ex
821 2545 956 2629 tempore
977 2533 1116 2592 dicendi.

318 2617 392 2701 Cep.
410 2617 480 2680 VH.
521 2618 679 2680 Nonnulla
697 2636 792 2700 eaque
802 2636 976 2698 praecipuo
989 2615 1028 2674 de
1046 2615 1307 2678 instituendorum

564 2704 596 2762 in
624 2713 687 2760 arte
709 2700 864 2759 rhetorico
885 2699 1114 2780 discipulorum
1134 2702 1264 2760 ratione.

558 2786 655 2861 a)De
677 2781 772 2842 modo
795 2781 957 2842 tractandi
987 2781 1174 2864 discipulos.
1210 2785 1231 2862 3
1255 2783 1305 2844 80.

555 2867 588 2944 b)
609 2869 655 2927 De
686 2865 819 2928 materia
853 2862 1023 2946 discipulis
1059 2871 1091 2927 in
1127 2864 1305 2928 exercenda
1428 2917 1429 2936 ,

616 2959 683 3010 arte
705 2947 868 3009 rhetorica
890 2947 1004 3008 danda.
1048 2952 1070 3030 3.
1093 2950 1142 3011 8ι.
1428 2955 1429 3037 )

556 3038 586 3112 ο)
606 3034 653 3094 De
686 3029 922 3093 observanda
915 3053 949 3091 m
987 3031 1172 3094 erudiendis
1205 3029 1306 3091 disei-

612 3114 699 3200 pulis
722 3115 927 3200 ingeniorum
947 3115 1112 3178 varietate.
1153 3117 1177 3198 3.
1199 3115 1249 3176 8ι.
