2970 4868
779 392 863 474 282

270 589 277 614 '
320 597 466 664 vocitet
487 607 596 662 motus
614 563 837 662 moderationi
854 591 1043 672 elaborent,
1071 593 1147 680 quis
1169 593 1325 687 ignorat,

321 729 421 791 quam
441 708 537 792 pauci
552 705 621 770 sint
640 707 853 788 fuerintque,
876 725 960 788 quos
975 705 1084 766 animo
1104 725 1209 788 aequo
1230 684 1325 788 speo-

318 825 389 880 tara
402 815 585 899 possimus?
607 813 696 896 Quid
708 813 813 878 dicam
828 813 868 876 de
882 812 1037 878 thesauro
1048 835 1159 874 rerum
1174 807 1331 876 omnium‘

320 923 496 985 memorial
534 926 625 1004 Quae
656 921 720 985 nisi
743 933 863 1004 *custos
891 920 1036 983 inventis
1063 920 1323 1006 (cogitatisque)

318 1031 417 1094 rebus
453 1039 487 1095 es
523 1032 632 1094 aaran
664 1015 875 1108 introeatur,
915 1029 1150 1114 intelligimus,
1188 1029 1340 1108 amatas

320 1138 447 1202 etiamsi
477 1137 737 1223 praeclarissima
761 1138 886 1202 fuerint
913 1137 948 1200 in
978 1149 1126 1214 oratore,
1164 1125 1322 1220 perituraa

318 1246 541 1325 Quamobrem
568 1245 679 1308 mirari
707 1246 914 1324 desinamus,
948 1269 1032 1330 quae
1059 1267 1157 1308 causa
1182 1246 1225 1306 sit
1251 1244 1325 1306 elo·
1356 1254 1363 1260 ’

320 1353 495 1434 quentium
522 1353 718 1436 paucitatis,
764 1374 867 1436 quum
892 1353 1001 1428 exiis
1030 1354 1127 1416 rebus
1155 1351 1321 1415 universis

317 1458 511 1542 eloquentia
530 1471 678 1540 constet,
710 1461 832 1548 quibus
852 1461 885 1522 in
906 1461 1044 1546 siugulis
1065 1461 1232 1524 elaborare
1245 1481 1323 1546 per-

262 1585 265 1594 *
293 1588 472 1650 magnum
495 1579 567 1644 estr
607 1567 845 1652 hortemurque
874 1571 985 1656 potius
1018 1569 1139 1632 liberos
1170 1577 1320 1644 nostros,
1387 1567 1400 1587 '

318 1685 700 1760 ceterosque„quorum
718 1677 821 1760 gloria
841 1677 934 1743 nubis
953 1688 987 1740 et
1001 1675 1143 1760 dignitas
1162 1692 1240 1740 cura
1255 1685 1319 1754 est,

317 1791 356 1844 nt
380 1782 490 1844 animo
520 1783 570 1847 rei
599 1785 857 1870 magnitudinem
888 1785 1171 1874 complectantur,
1211 1803 1323 1865 neque

224 1907 236 1924 ‘
316 1889 357 1951 iis
376 1892 559 1976 praeceptis
579 1901 637 1952 aut
654 1893 814 1976 magistris
836 1891 1220 1984 autlexercitationihnt‚
1243 1889 1324 1974 qui-

315 1999 377 2061 hus
413 2009 557 2062 utuntur
581 2019 715 2078 omnes,
757 1999 815 2063 ssd
847 1984 906 2062 alii
949 2000 1161 2084 quibusdam,
1187 2020 1235 2062 ·se
1263 1998 1323 2077 id,

317 2106 408 2191 quod
441 2116 618 2191 expetunt,
663 2108 822 2194 consequi
854 2131 949 2192 posse
981 2108 1158 2172 confidant.
1209 2107 1324 2186 (ibid.

316 2233 347 2277 e.
363 2217 411 2294 5.)
434 2251 476 2264 -
499 2251 537 2264 -
577 2216 627 2278 Ac
649 2237 721 2278 men
745 2215 880 2300 quidem
905 2217 1068 2280 sententia
1084 2236 1179 2278 nemo
1198 2214 1324 2300 poterit

316 2345 387 2388 esse
405 2325 496 2386 omni
520 2324 618 2387 laude
636 2324 822 2387 cumulatus
843 2337 972 2402 orator,
1005 2323 1068 2386 uisi
1088 2325 1152 2387 erit
1172 2323 1322 2386 omnium

279 2433 281 2440 '
316 2456 426 2497 rerum
448 2455 637 2516 magnarum
657 2442 758 2516 atque
779 2435 897 2498 artium
919 2424 1090 2497 scientiam
1110 2445 1321 2496 consecutust

314 2540 447 2604 Etenim
474 2547 523 2604 cx*
541 2562 653 2604 rerum
679 2541 870 2624 cognitione
891 2545 1073 2654 efflorqscat
1097 2553 1131 2605 et
1156 2541 1322 2606 redundet

223 2667 231 2681 ·
315 2657 447 2732 oportet
463 2648 587 2724 oratio;
620 2671 704 2733 quaa
723 2650 787 2713 uisi
801 2651 932 2727 subest,
963 2671 1015 2712 res
1036 2651 1075 2712 ab
1095 2661 1222 2714 oratore
1242 2671 1321 2733 pen-

316 2765 411 2839 cepta
433 2765 467 2818 et
490 2757 620 2840 cognita
643 2757 775 2820 inanem
792 2758 958 2839 quandam
975 2757 1074 2821 habet
1096 2756 1320 2821 elocutionem
1348 2822 1358 2828 ,

315 2871 350 2927 et
378 2885 481 2946 paene
507 2857 678 2948 puerilem.
733 2866 837 2946 (Ibid.
866 2885 895 2928 e.
917 2865 966 2943 6.)
997 2901 1039 2914 -
1070 2899 1113 2916 -
1141 2901 1185 2914 --
1204 2900 1248 2914 -
1278 2901 1320 2916 -

314 2969 429 3053 Neque
441 2993 519 3034 vero
532 2973 611 3034 mihi
626 2972 1045 3059 quidquampraestabilius
1061 2973 1203 3055 videtur,
1219 2995 1320 3058 qnam

228 3110 233 3118 ,
314 3099 412 3166 posse
441 3079 721 3160 diceudotenere
740 3081 911 3144 hominum
932 3091 1066 3160 coetus,
1100 3079 1318 3144 mentesalli-

316 3207 409 3264 cere,
443 3189 630 3252 voluntates
651 3189 842 3272 impellere,
876 3213 943 3274 quo
963 3191 1062 3267 velit,
1092 3183 1180 3252 node
1207 3201 1317 3252 autem

314 3296 398 3380 velit
420 3295 593 3360 deducere.
635 3300 722 3360 Haec
741 3321 807 3360 una
831 3299 937 3362 resin
962 3298 1052 3362 omni
1072 3298 1176 3360 libero
1194 3297 1316 3383 populo

314 3403 519 3487 maximeque
538 3405 571 3464 in
591 3382 715 3488 pacatis
737 3407 996 3490 tranquillisque
1018 3405 1207 3469 civitatibus
1227 3427 1326 3490 prue-¹

218 3575 224 3584 ,
316 3511 413 3594 cipue
441 3533 570 3596 semper
588 3511 700 3596 floruit
721 3533 914 3610 semperque
942 3513 1106 3578 dominata
1125 3529 1187 3578 est:
1228 3511 1329 3594 ‘Quid'

313 3619 402 3682 enlm
423 3631 548 3685 estant
570 3621 866 3703 tampdmiruhile,
899 3643 998 3706 quam
1020 3645 1058 3687 ex
1079 3623 1208 3684 infinita
1232 3622 1319 3684 mul-

315 3725 459 3791 titudine
493 3728 662 3791 hominum
697 3728 853 3794 exsistere
880 3753 1005 3809 unum,
1051 3730 1110 3814 qui
1137 3731 1193 3810 id,
1227 3729 1322 3814 quod

307 3834 466 3918 'omnihus
487 3847 602 3899 natura
621 3837 665 3900 sit
684 3837 819 3915 datum,
843 3840 893 3902 rel
908 3839 1017 3917 solus,
1039 3841 1091 3902 rel
1110 3861 1186 3902 eum
1200 3838 1318 3924 paucis

313 3941 424 4004 fecere
436 3944 560 4026 possit-l
581 3957 638 4010 aut
649 3956 716 4008 tam
728 3939 912 4032 jucundum
924 3947 1062 4038 cognitu
1075 3943 1174 4030 atque
1189 3947 1319 4026 auditu,

140 4077 151 4084 ·
234 4102 245 4150 q
316 4041 415 4133 quam
432 4053 635 4137 sapientibus
650 4054 827 4120 sententiis
843 4056 1063 4142 gravibusque
1076 4055 1185 4148 verbis
1199 4064 1318 4120 ornata

1456 71 1463 468 l
