2814 4872
602 367 685 443 l0⁷

45 639 46 648 ἵ
136 560 194 624 secl
213 583 255 632 ex
271 561 405 628 diverso
422 561 571 628 vicinum
590 544 772 646 accipiturr
797 584 900 648 quum
917 565 1075 650 supplicio
1090 563 1149 626 ad.

135 668 322 734 finiendum
338 671 450 750 dicas,
473 661 815 758 quernaupplicatione
830 673 964 754 dignum
981 673 1148 736 indicaris·

135 813 176 828 -
219 781 361 865 Magnae
381 783 547 846 veteribus
568 803 666 844 curae
686 781 770 858 fuit,
810 780 946 864 gratiam
970 781 1102 844 dicandi
1131 803 1149 844 e

72 917 76 928 ⁴
134 887 272 968 paribus
305 890 480 954 contrariis
512 889 694 973 acquirere.
730 887 875 973 'Gorgias
897 890 930 950 in
951 889 1014 952 hoc
1034 890 1152 950 immo-

45 1075 46 1078 *
135 993 258 1073 dicus,
300 999 453 1082 copiosus
481 999 598 1082 utique
628 998 729 1081 prima
757 1008 860 1060 aetate
888 973 1047 1059 Isocrates
1075 999 1149 1060 fuit.

128 1083 331 1168 'Delectatus
354 1119 404 1170 eat
425 1108 522 1170 etiam
542 1107 591 1168 liis
611 1111 652 1168 M.
671 1106 811 1180 Tullius,
836 1127 946 1168 rerum
967 1115 999 1168 et
1017 1105 1150 1167 modun

137 1209 292 1274 adhibuit
312 1235 377 1276 non
399 1215 544 1295 ingratae
565 1215 647 1294 (niti
664 1215 756 1298 copia
772 1215 951 1292 redundet)
973 1213 1148 1296 voluptati,

137 1327 169 1380 et
191 1341 289 1398 rem,
311 1323 435 1406 alioqui
457 1323 581 1400 levem,
605 1323 845 1388 sententiarum
867 1322 1013 1406 pondera
1036 1320 1150 1404 irnple-

137 1425 195 1488 rit.
240 1432 324 1492 Nam
346 1453 403 1514 per
425 1453 459 1494 se
479 1431 594 1516 frigida
615 1443 647 1495 et
668 1433 774 1494 inanis
795 1431 973 1494 adfectatio
994 1453 1097 1514 quum
1115 1429 1148 1490 in

140 1523 233 1598 acres
256 1537 378 1602 incidit
401 1561 538 1615 sensus,
571 1540 682 1602 innata
697 1540 930 1614 videturesse,
958 1560 1024 1600 non
1041 1515 1151 1602 arcesi-
1250 1587 1252 1594 s

141 1643 213 1706 sita.
235 1685 277 1694 -
297 1683 337 1696 -
357 1669 408 1695 -’
444 1649 695 1736 Contropositum
713 1658 842 1723 autem„
865 1649 938 1721 vel,
962 1657 999 1708 ut
1016 1646 1150 1729 quidam

139 1765 290 1831 vocant,
330 1759 487 1819 contentio
518 1757 723 1837 (ἀντίθετον
745 1757 890 1833 dicitur)
926 1777 990 1816 non
1019 1775 1085 1816 uno
1113 1755 1151 1818 fit

141 1861 252 1940 modo.
296 1865 375 1924 Nam
397 1873 450 1940 et,
481 1865 508 1926 ai
528 1866 653 1948 singula
675 1864 812 1946 singulis
835 1875 1070 1947 opponuntur,
1095 1873 1150 1924 uti

144 1969 235 2031 Vicit
269 1971 423 2053 pudorem
462 1972 584 2045 libido,
626 1975 767 2032 timorem
802 1971 963 2044 audacia,
998 1973 1153 2034 rationem

144 2081 337 2158 amentia*).
380 2083 422 2143 Et
443 2065 638 2142 binabinis:
676 2081 748 2140 Non
765 2081 866 2139 nostri
886 2081 1026 2162 ingenii,
1054 2081 1153 2148 vestri

145 2191 266 2252 auxilii
294 2189 409 2261 est*²).
452 2189 494 2248 Et
521 2187 703 2248 sentcntiae
729 2185 919 2247 sententiis:
964 2189 1154 2248 Dominnur

145 2297 179 2358 in
197 2299 429 2370 concionibus,
445 2301 550 2378 jaceat
569 2298 602 2356 in
612 2295 747 2378 judiciis
763 2294 835 2370 m).
853 2329 894 2342 -—
910 2303 952 2342 ἑ-
983 2295 1036 2355 Fit
1054 2294 1152 2354 ctiam

145 2402 1152 2488 nwmmfflanQtwawffiahffimmrwammn

147 2513 236 2594 quod
267 2511 517 2595 ἀντιμεταβολὴ
544 2512 683 2574 dicitur:
725 2513 820 2584 Non,
853 2510 1023 2588 necdum,
1055 2512 1169 2584 vivo,·'

146 2619 224 2692 sed,
256 2634 290 2682 ut
307 2622 434 2694 vivam,
452 2619 539 2681 cdo.
561 2656 603 2668 -
646 2617 811 2699 Quaedam
836 2620 1008 2682 verborum
1034 2619 1154 2702 figurae

147 2727 280 2808 paulum
298 2727 408 2808 liguris
425 2727 661 2791 sententiarum
680 2725 911 2804 declinantur,
934 2739 970 2790 ut
987 2727 1154 2790 dubitatio.

147 2867 190 2881 ·-
220 2837 300 2896 Item
321 2835 526 2896 correctionis
543 2831 655 2896 eadem
674 2837 758 2895 ratio
779 2847 838 2896 est.
860 2871 897 2883 -
943 2837 1028 2895 Haec
1046 2835 1155 2896 omnia

152 2941 314 3023 copiosius
347 2953 423 3004 sunt
458 2941 606 3018 executi,
642 2941 698 3023 qui
733 2962 797 3004 non
829 2949 865 3002 ut
893 2957 1016 3022 partem
1047 2943 1155 3023 operis

47 3057 49 3142 p
151 3058 437 3132 transcurrerunt,
459 3050 528 3136 vsed
546 3049 676 3132 proprie
697 3048 796 3108 fibros
817 3047 895 3109 huic
911 3049 1000 3130 operi
1023 3048 1155 3110 dedica·
1228 3075 1233 3092 ¹

47 3153 48 3166 ¹
152 3169 277 3220 verunt.
306 3193 349 3204 -
372 3195 415 3205 -
439 3193 481 3207 -
523 3159 591 3241 Ego
617 3157 700 3218 illud
727 3155 766 3218 de
794 3155 1015 3250 iisffiguris)
1037 3156 1155 3246 etiarn,

154 3285 328 3347 quaerere
353 3277 431 3328 sunt
443 3311 453 3344 ,
475 3264 625 3352 adjiciam
645 3265 806 3341 breviter,
839 3265 924 3326 sicut
945 3272 1063 3325 ornent
1081 3284 1155 3322 ora-

154 3374 274 3437 tionem
288 3387 471 3460 opportune
487 3378 623 3462 positae,
639 3377 692 3467 ¹ita
708 3373 929 3460 ineptissimas
948 3393 1029 3448 esse,
1053 3394 1168 3454 quum‘
1194 3375 1196 3380 '

154 3479 324 3547 immodice
343 3469 503 3569 ¹petantur
523 3485 612 3564 Μ’).
654 3487 756 3562 Sunt,
789 3481 846 3567 qui
870 3481 1019 3566 neglecto
1044 3502 1155 3545 rerum

48 3567 50 3688 l
157 3649 516 3670 Ἤ

187 3741 211 3813 “)
237 3745 287 3796 Pro
304 3743 416 3799 Clucnt.
437 3761 459 3796 c.
477 3747 502 3796 6.

178 3837 215 3910 **)
239 3841 290 3892 Pro
308 3823 418 3892 Cluent
435 3857 457 3892 c.
478 3855 499 3891 t.

128 3977 137 4000 ,
163 3931 214 3996 m)
239 3936 289 3987 Pro
308 3935 411 3988 Cluent
427 3951 449 3987 c.
468 3953 494 3989 2.

144 4024 221 4098 ='*⁴*)
244 4029 313 4082 Alii:
341 4043 446 4082 ornant
465 4057 495 4068 ·-
516 4036 696 4099 etpetuntur.
