2902 4866
641 303 665 358 1

418 395 719 504 .,ιιιιΚ

126 615 234 660 comes
261 591 323 688 s‘qu
348 590 575 670 comentibus,
607 602 641 653 et
668 611 734 652 nou
764 596 825 652 suo
852 587 961 676 colore
989 572 1125 669 nitidis,

123 702 198 786 plns
217 721 286 764 esse
304 701 426 762 formae
446 709 583 782 putent,
615 719 714 780 quem
732 696 835 782 possit
853 696 996 764 tribuere
1017 698 1124 762 incor-

110 789 219 894 ζιιιιιιιι
242 821 373 872 nutura:
397 820 433 870 ut
448 805 662 890 pulchritudo
681 805 826 890 corporis
844 805 956 868 venire
974 805 1124 871 videatur

68 915 448 982 umsswm.
985 923 1082 984 ,·

185 1027 254 1088 Nec
281 1023 385 1088 solum
407 1022 488 1085 bueo
513 1022 582 1106 ipse
608 1021 738 1084 debebit
764 1018 881 1084 docere
909 1033 1123 1106 praeceptor,

125 1132 182 1197 sed
201 1134 394 1216 frequenter
413 1130 632 1213 interrogare,
656 1141 689 1192 ct
704 1125 866 1212 judicium
885 1126 1123 1212 discipulorum

125 1239 274 1326 experiri.
316 1241 371 1304 Sic
387 1239 597 1302 audientibus
614 1238 773 1300 securitas
789 1239 909 1316 aberit,
933 1261 995 1300 nec
1005 1283 1014 1318 ,
1039 1261 1124 1322 qnee

123 1349 297 1428 dicentur,
326 1347 532 1433 sdperlluent
554 1367 666 1409 aures:
700 1345 864 1430 simulque
892 1329 986 1407 adid
1009 1347 1124 1430 perdu-
1201 1421 1205 1426 .

121 1465 259 1536 centur,
292 1455 382 1538 quod
407 1473 445 1516 ex
468 1453 532 1514 hoc
561 1450 755 1535 quaeritur,
787 1463 823 1514 ut
852 1455 1023 1519 inveniant
1041 1455 1123 1540 ipsi,

117 1576 154 1628 ‘ct
175 1555 371 1646 intelligant.
414 1560 494 1620 Num
515 1557 596 1642 quid
618 1560 710 1622 uliud
728 1559 853 1644 agimus
877 1560 1026 1624 docendo
1045 1582 1121 1638 eus,

121 1693 221 1758 quem
237 1693 278 1733 ne
299 1691 426 1753 semper
445 1667 584 1731 docendi
605 1667 682 1732 sint.

182 1781 252 1842 Hoc
271 1777 460 1862 diligentiae
476 1799 577 1861 genus
593 1778 699 1842 ausim
717 1775 827 1862 dicere
840 1775 914 1862 plus
926 1777 1123 1839 collaturum

122 1887 349 1964 discentibus,
373 1907 472 1969 quum
488 1907 601 1965 omnes
618 1885 771 1952 omnium¹
784 1897 883 1964 artes,
908 1907 991 1970 quae
1008 1884 1123 1970 jsrvunt

108 1975 193 2060 ¹siue
211 1997 309 2058 dublo
333 1995 491 2058 multumt
516 1994 593 2073 sed,
617 1993 735 2056 latiore
757 1993 896 2078 quedem
913 1997 1124 2078 comprehen-

88 2104 93 2113 '
122 2085 237 2180 sione,
268 2125 325 2186 per
361 2123 476 2170 onrnes
495 2102 639 2184 ·quidem
679 2101 804 2184 specics
833 2124 944 2164 rerum
975 2103 1125 2186 quotidie

121 2234 225 2298 paene
248 2210 453 2272 noscentium
471 2210 518 2273 ire
537 2209 594 2291 qui
611 2209 774 2292 possunt?
814 2209 908 2272 Sicut
928 2209 968 2272 dc
986 2210 1124 2272 remili-

121 2320 183 2381 teri
201 2335 394 2401 'quenquam
422 2325 500 2380 sunl
524 2313 644 2379 trudito
667 2315 828 2399 quaedam
844 2329 1024 2404 praeceptat
1039 2339 1124 2378 com·

120 2427 233 2512 munia
243 2471 253 2504 ,
277 2425 377 2508 magis
394 2435 503 2487 tumen
523 2422 674 2507 proderit,
684 2418 789 2502 scire,
814 2445 878 2508 qne
899 2424 1020 2487 ducum
1037 2423 1126 2508 quis·
1139 2421 1155 2487 Ϊ

120 2556 186 2618 que
202 2533 351 2612 rutione,
375 2533 410 2595 in
429 2533 520 2618 quali
540 2534 634 2612 loco,
658 2544 817 2618 tempore,
839 2535 885 2598 sit
903 2555 982 2596 usus
1001 2535 1127 2618 supien-

54 2655 58 2664 ⁴
121 2653 193 2721 ter,
226 2652 433 2712 autcontru,
467 2644 549 2705 Nem
570 2641 776 2708 inomnibus
800 2643 867 2706 fere
890 2642 1126 2704 rniuusvnlent

120 2761 315 2836 praecepto,
347 2771 446 2834 quem
471 2750 701 2836 experimenta.
751 2755 806 2814 An
830 2773 908 2814 vero
932 2750 1126 2814 declamabit

122 2858 257 2944 quidem
277 2870 492 2942 praeceptor,
523 2869 561 2920 ut
584 2859 628 2922 sit
647 2857 793 2944 exemplo
813 2857 882 2920 suis
902 2857 1125 2921 auditoribus:
1145 2915 1148 2920 .
1172 2855 1176 2864 ’

76 3001 78 3006 -
122 2947 190 3028 non
219 2964 293 3049 plus
324 2965 530 3028 contulerint
552 2964 631 3026 lecti
657 2965 772 3040 Cicero
800 2987 839 3028 uc
864 2963 1125 3028 Demosthenes?

121 3073 306 3154 corrigetur
324 3071 452 3157 palem,
486 3072 513 3132 si
540 3071 620 3153 quid
645 3073 678 3133 in
705 3071 919 3145 declamando
942 3071 1124 3155 discipulus

121 3181 295 3256 erraverite
328 3201 394 3243 non
420 3167 590 3273 potentius
612 3179 691 3258 erit,
723 3179 896 3300 emendare
923 3180 1127 3242 orationem?

122 3291 202 3374 quin
221 3291 286 3359 imo
303 3289 401 3352 etium
414 3285 604 3371 jucundius.
641 3288 764 3352 eliens
781 3288 867 3353 enim
882 3287 966 3350 vitiu
984 3287 1127 3370 quisque

45 3425 47 3430 ’
120 3397 314 3498 reprehendi
344 3397 488 3472 mavult,
522 3418 620 3478 quum
651 3417 717 3458 sua.
767 3397 834 3458 Nec
857 3396 992 3472 deerunt
1014 3395 1105 3480 plura
1116 3440 1127 3474 ,
1181 3389 1212 3487 “¹

121 3527 205 3587 quac
223 3504 384 3578 dicerem
409 3503 466 3566 sed
483 3525 647 3566 neminem
663 3501 743 3567 haec
761 3504 888 3566 utilitas
903 3504 1000 3587 fugit
1023 3513 1124 3590 etque
1187 3541 1191 3548 ·

120 3612 246 3672 utinam
267 3623 331 3674 tem
356 3633 422 3672 non
442 3611 550 3695 pigeat
570 3613 680 3676 fecero
699 3611 805 3690 istud,
839 3634 936 3696 quam
961 3633 1028 3673 non
1056 3610 1127 3674 dis-

119 3719 264 3806 plicebit.

182 3827 326 3908 Quod
301 3849 328 3889 sl
349 3830 495 3912 potuerit
498 3821 673 3934 obtineri,
697 3850 762 3928 non
784 3829 830 3891 ite
851 3827 995 3898 difficilis
1001 3850 1123 3922 super-

120 3935 183 4016 erit
205 3936 373 4019 quaestio,
394 3938 462 4022 qui
487 3938 611 4020 legendi
635 3939 704 3998 sint
720 3937 990 4021 incipientibusl
1042 3937 1122 3996 Num

121 4044 256 4127 quidem
277 4043 383 4108 illos
371 4045 536 4124 minores,
560 4047 638 4132 quin
654 4044 784 4108 facilior
800 4066 913 4112 corum
933 4045 1137 4140 intellectus
