2888 4876
585 319 642 432 so

106 552 247 616 dantur.
274 587 311 600 -
353 551 404 614 Sit
422 551 523 638 igitur
541 574 619 616 cura
636 551 834 620 elocutionis
852 577 951 640 qnam
968 552 1118 635 maxima,

107 658 194 722 dum
225 655 366 720 sciamus
393 669 524 738 tamen,
557 660 639 724 nihil
660 661 836 724 verborum
857 683 955 724 causa
976 683 1048 726 esse
1071 662 1121 723 la·
1172 740 1177 749 .

109 765 293 844 ciendum,
328 789 402 829 cum
427 767 525 832 verbu
548 767 620 854 ipso
640 789 750 842 rerum
769 767 871 854 gratia
894 769 960 832 sint
981 779 1121 855 reperta.

110 875 251 956 (Quint.
270 874 291 936 l.
310 898 339 939 c.
359 874 381 936 l.
402 878 489 942 Vlll.
508 876 543 940 in
557 877 734 962 proemio).

175 982 412 1048 Elocutionem
427 993 610 1068 spectamus
629 985 736 1049 verbis
754 984 955 1066 antlsiugulis
973 995 1030 1046 unt
1046 1005 1124 1049 con·

107 1091 241 1175 junctis.
284 1091 320 1152 In
338 1092 470 1174 singulis
491 1091 689 1156 intuendum
709 1103 778 1172 est,
808 1102 846 1154 ut
867 1093 934 1154 sint
953 1091 1056 1154 latina*
1076 1093 1124 1172 *),

112 1198 311 1293 perspicua,
351 1211 488 1280 ornata,
532 1200 573 1262 ad
608 1199 663 1280 id,
700 1200 789 1284 quod
814 1200 941 1264 efficere
976 1200 1156 1264 volumus]

115 1307 384 1382 accommodata3
414 1309 447 1370 in
467 1311 642 1396 conjunctis
651 1353 664 1384 ,
693 1321 731 1372 ut
750 1309 941 1386 emendata,
965 1319 1004 1372 ut
1023 1306 1129 1372 collo·

117 1425 204 1492 cata,
231 1423 267 1476 nt
281 1416 426 1500 figurata.
458 1416 522 1480 Sed
538 1439 586 1495 ea,
608 1438 692 1501 quae
705 1416 745 1479 de
757 1417 886 1480 ratione
900 1418 1013 1480 Latine
1028 1427 1128 1500 atquc

117 1521 282 1588 emendate
300 1524 460 1608 loquendi
479 1527 616 1588 fuerunt
634 1523 795 1603 dicenda,
833 1524 867 1586 in
891 1522 976 1586 libro
999 1522 1128 1608 primo,

119 1615 216 1696 cum¹
238 1630 278 1694 de
312 1632 523 1715 grammatice
557 1632 792 1716 loqueremur,
840 1632 970 1695 executi
1007 1652 1128 1696 sumus.

121 1725 344 1818 (Praesertim
366 1762 435 1826 cap.
455 1741 505 1820 5.)
546 1743 669 1806 Verum
687 1727 927 1818 illic'tantum,
949 1759 989 1803 nc
1008 1739 1130 1802 vitiosa

121 1857 256 1924 essent,
277 1849 523 1931 praecepimns;
546 1847 602 1910 hic
622 1870 688 1910 non
709 1849 854 1910 alienum
873 1858 924 1911 est
941 1835 1139 1926 admonere,

121 1968 161 2020 ut
186 1957 256 2020 siut
286 1978 385 2039 quam
410 1939 544 2022 minime
567 1961 736 2045 peregrina
761 1965 795 2019 et
822 1971 964 2020 externa.
1006 1953 1130 2016 Multos

123 2062 233 2141 enirn,
269 2063 388 2147 quibus
418 2065 580 2152 loquendi
604 2065 688 2128 ratio
720 2086 787 2126 non
816 2055 922 2140 desit,
957 2060 1130 2141 invenias,

125 2192 208 2256 quoa
245 2173 375 2238 curiose
407 2174 517 2258 potius
551 2171 647 2257 loqui
683 2170 826 2250 dixeris,
868 2191 978 2254 quom
1002 2168 1130 2235 Latine.

124 2278 164 2358 (ι.
185 2303 215 2344 0.
237 2280 259 2343 1.
274 2282 361 2345 vrn.
386 2303 414 2344 ο.
439 2285 482 2360 1.)

65 2525 68 2532 ·
154 2511 182 2584 *)
207 2513 311 2566 Latine
329 2512 407 2584 loqui
425 2510 500 2568 idem
518 2521 559 2568 cst
574 2527 607 2566 ao
625 2528 694 2584 pure
709 2509 805 2584 loqui,
837 2507 1087 2582 eique'rcrpondet
1103 2507 1133 2562 in
1214 2503 1230 2548 ἰ

208 2625 309 2678 graeca
332 2607 428 2676 lingua
452 2615 489 2666 τὸ
515 2605 678 2676 ἑλληνίζειν
708 2606 762 2678 (cl.
788 2590 897 2660 Aristot
925 2605 1005 2658 llhet
1032 2588 1051 2658 l.
1078 2605 1139 2658 111:

210 2718 238 2758 c.
255 2701 301 2773 5.)
336 2703 392 2758 Sed
410 2702 606 2769 conserantur,
633 2719 706 2775 qnae
725 2701 760 2756 de
778 2701 908 2756 sermonis
925 2700 1066 2755 latinitate
1083 2698 1134 2752 ha-

210 2797 263 2860 bet
284 2799 382 2854 Cicero
401 2799 437 2852 dc
456 2807 524 2854 orat.
548 2783 640 2852 12111.
665 2813 762 2863 caro,
785 2815 812 2852 ιι
835 2802 864 2851 et
885 2799 923 2851 13.
950 2813 1081 2870 quaeque
1098 2811 1134 2848 er
1183 2803 1190 2816 '
1232 2861 1234 2870 Α

211 2893 308 2966 aliqua
333 2903 410 2966 parte
436 2893 507 2946 iufra
533 2892 669 2965 adscripto
693 2892 776 2960 leges.
812 2891 876 2945 Huc
900 2897 993 2944 autem
1011 2891 1134 2962 proximo

211 2992 360 3063 sequentia
379 2993 531 3068 quadrant:
564 2989 684 3060 Quinam
710 2986 822 3043 dicendi
845 2985 943 3040 modus
962 2993 1004 3041 est
1020 2985 1133 3048 melior,

214 3105 299 3160 quam
318 3088 468 3152 atlantide,
494 3095 528 3140 ut
544 3086 644 3157 plane,
672 3091 705 3136 ut
722 3093 834 3148 ornate,
869 3091 901 3134 ut
919 3080 1018 3146 adid,
1045 3079 1136 3153 quod·
1228 3082 1247 3145 ,’

214 3201 328 3256 cunque
352 3192 466 3252 agetur,
500 3189 564 3254 apte
583 3189 612 3235 et
629 3187 812 3248 congruenter
830 3175 973 3231 dicamus?
1007 3174 1070 3246 (Dc
1096 3191 1134 3227 or.

214 3277 555 3347 LIH.c1n)-‚-
598 3276 691 3348 dmm
717 3271 1133 3342 mlmmebmmmm,nm

215 3377 304 3430 solum
324 3373 473 3428 videndum
493 3381 550 3436 eat,
578 3381 610 3428 ut
627 3370 710 3426 verba
729 3354 875 3445 reseramus
894 3383 943 3432 ea,
964 3381 1036 3436 quae
1055 3379 1135 3416 nemo

216 3475 278 3541 jure
296 3469 495 3542 reprehendat,
524 3477 555 3521 et
580 3484 613 3521 ca
638 3465 676 3520 sic'
701 3475 730 3519 et
748 3464 856 3519 casibus
875 3471 904 3515 et
921 3458 1089 3531 temporibus
1108 3465 1137 3512 et

215 3585 314 3637 genere
326 3575 355 3620 ct
368 3582 482 3619 numero
497 3579 670 3617 conseramus
683 3559 742 3632 (alii
756 3558 854 3628 legunt
870 3545 1135 3623 «conservemusul,

217 3673 251 3717 nt
276 3659 397 3733 nequid,
405 3658 597 3732 perturbatum
614 3667 655 3710 'ac
680 3656 835 3727 discrepans
861 3663 911 3707 aut
930 3660 1136 3724 praeposterum
1160 3673 1167 3734 ι.

217 3759 271 3812 sit:
300 3757 350 3810 sed
373 3756 456 3810 etiam
482 3753 576 3822 lingua
602 3760 630 3806 et
651 3750 762 3821 spiritus
780 3759 809 3804 et
826 3749 900 3802 vocis
918 3765 1000 3802 sonus
1019 3753 1061 3800 est
1077 3744 1136 3814 ipsc

219 3853 410 3906 moderandus.
447 3849 536 3921 (lbid.
555 3865 578 3902 c.
602 3844 662 3915 ιι.)
681 3874 712 3885 -
749 3844 882 3898 Latinitas
901 3852 963 3905 eat.
990 3859 1062 3914 qnae
1080 3855 1160 3891 ser-s

218 3967 328 4001 monem
345 3965 443 4022 punam
462 3953 620 4008 conservat,
640 3941 675 3993 ab
694 3939 769 3994 omni
787 3939 854 4000 vitio
869 3947 1014 3992 remotum.
1039 3935 1136 4007 (duct.

223 4043 257 4097 nd
276 4043 338 4108 llcr.
358 4043 377 4098 l.
398 4045 443 4096 lv.
465 4059 490 4096 c.
513 4057 550 4093 ra.
570 4037 592 4109 S
617 4036 676 4106 17.)
