2844 4874
790 423 847 499 80

318 623 434 704 otiam,
456 625 681 697 nonromoni;
716 619 788 701 vel,
820 621 847 686 si
864 620 992 683 nullum
1010 621 1167 702 negotium
1190 608 1322 704 ageret,

316 733 387 812 vel,
418 731 444 792 si
466 753 532 793 non
552 734 732 820 politicum
764 728 837 808 vel,
869 729 986 792 sinon
1008 732 1154 810 ncagister
1173 733 1325 816 equitnm.

315 839 381 905 Sed
399 839 482 902 alins
500 839 661 904 divideret
675 841 776 916 haec,
800 848 833 900 et
848 837 937 900 circa
953 837 1097 920 singulos
1114 838 1239 920 gradus
1254 860 1326 900 mo·

317 960 468 1021 raretum
492 948 548 1010 hic
568 949 602 1010 in
620 947 758 1010 sublime
780 945 878 1008 etiam
896 945 1019 1025 currit,
1042 957 1075 1009 et
1096 945 1136 1006 ad
1157 967 1326 1007 summum

319 1078 386 1120 non
412 1051 565 1142 pervenit
597 1055 696 1132 nixu,
735 1053 792 1116 sed
825 1054 958 1137 impetu.
1010 1055 1132 1118 Verum
1166 1062 1207 1112 ut
1245 1053 1325 1114 haec

318 1165 528 1250 amplificatio
555 1163 589 1224 in
618 1164 785 1246 superiora
815 1161 938 1237 tendit;
981 1161 1044 1240 ita,
1085 1182 1170 1243 qnae
1198 1161 1239 1222 fic
1270 1181 1326 1244 per

318 1291 608 1351 confesssionem,
655 1251 897 1333 incrementum
936 1291 975 1332 ex
1011 1268 1195 1332 minoribus
1230 1267 1323 1352 petit.

284 1395 287 1407 ¹
317 1379 477 1464 Augendo
504 1379 609 1456 enini,
640 1379 729 1462 qnod
749 1388 799 1458 est
818 1379 921 1457 infra,
953 1371 1089 1442 necesse
1109 1387 1185 1455 est,
1221 1376 1325 1464 extol-

317 1487 364 1548 lat
384 1486 437 1566 id,
469 1487 558 1570 qnod
577 1480 836 1570 suprapositum
857 1496 923 1562 est3
956 1499 993 1552 ut
1019 1486 1128 1566 idem,
1159 1500 1265 1568 atque
1293 1486 1323 1546 in

319 1595 432 1658 eodem
449 1595 541 1668 loco:
572 1595 609 1658 Si
626 1597 686 1656 hoc
706 1595 764 1657 tibi
782 1598 865 1657 inter
880 1616 1008 1657 coenam
1028 1600 1108 1660 etin
1129 1597 1195 1660 iltis
1213 1599 1324 1658 immo·

221 1757 225 1770 .
317 1704 410 1766 nibus
431 1705 557 1788 poculis
582 1706 643 1764 tois
665 1704 854 1777 occidisset,
872 1706 957 1792 *quis
976 1726 1041 1768 non
1060 1707 1149 1792 tur‘pc
1172 1705 1324 1768 duceret?

317 1816 361 1896 In
388 1827 477 1876 coetu
505 1833 582 1874 vero
611 1813 890 1899 populiromoni.
939 1813 983 1874 Et
1009 1813 1043 1873 in
1074 1813 1272 1876 Catilinam:
1298 1813 1336 1888 *l

317 1923 410 1986 Servi.
433 1923 583 1982 mehercle
602 1921 714 1981 meisi
741 1943 803 2013 mc¹
820 1924 879 1982 isto
902 1935 997 2008 pacto
1018 1935 1190 1984 metuerent
1201 1969 1215 2002 ,
1246 1931 1281 1984 ‘nt
1297 1936 1322 1983 tc

318 2043 458 2092 metuont
485 2051 589 2091 omnes
614 2031 695 2093 cives
720 2032 786 2104 oti,
818 2027 947 2090 domum
966 2051 1066 2091 nicam
1084 2030 1325 2117 nelinqoendam
1374 2027 1375 2092 l

315 2152 539 2226 patarenis·
592 2139 660 2200 Hoc
689 2138 768 2199 mihi
798 2138 1039 2202 ostendendum
1071 2149 1142 2217 est,
1182 2135 1324 2224 augendi

317 2246 421 2328 gratia
441 2267 506 2306 non
525 2254 594 2308 tota
616 2246 711 2306 modo
730 2245 831 2324 totis,
856 2245 1026 2308 sedetiam
1046 2255 1154 2330 partes
1174 2248 1322 2329 partibus

318 2354 518 2436 comparari,
542 2353 628 2414 sioni
649 2352 820 2422 hocloco:
839 2351 883 2432 *Ἰ
927 2358 980 2415 An
996 2375 1074 2416 vero
1092 2356 1148 2416 vir
1164 2356 1323 2442 onzplissi-

317 2483 408 2533 mue,
438 2461 476 2523 P·
493 2459 628 2546 Scipio,
659 2461 808 2544 pontifex
825 2463 1005 2534 maximus,
1040 2463 1201 2525 Tiberium
1226 2466 1323 2527 Grac-

318 2569 410 2628 chum
421 2612 434 2640 ,
474 2566 677 2627 mediocriter
706 2567 941 2650 lobeflcctontem
968 2583 1082 2632 statum
1107 2574 1321 2658 reipublicae,

316 2677 457 2758 privatus
481 2674 653 2756 interfecit.-
689 2675 857 2734 Catilinam
868 2719 882 2748 ,
916 2677 1021 2738 orbem
1045 2693 1197 2741 terrarum
1230 2679 1319 2744 caede
1373 2739 1374 2750 ¹

320 2797 411 2872 atqtte
427 2780 575 2844 incendio
588 2797 713 2844 vastare
731 2784 925 2868 cupientem,
946 2807 1003 2848 nos
1020 2788 1169 2850 Consules
1181 2791 1317 2874 persero·
1373 2801 1374 2840 l

318 2895 413 2954 mus?
454 2891 514 2952 Ilio
533 2902 566 2953 et
584 2890 726 2964 Catilina
742 2892 910 2970 Graccho,
945 2901 977 2955 et
995 2902 1100 2956 status
1119 2897 1317 2978 reipublicae

320 2999 392 3063 orbi
410 3010 594 3076 terrarum,
627 3010 659 3061 et
677 2997 852 3061 mediocris
876 2999 1082 3063 labefactatio
1103 3004 1195 3075 caedi
1217 3019 1252 3070 et
1271 3005 1318 3064 in·

321 3110 446 3173 cendiis
467 3119 499 3172 et
517 3107 710 3185 vastationi,
741 3117 774 3169 et
798 3108 944 3192 privatus
966 3109 1165 3174 Consulibus
1188 3132 1317 3196 compa-

319 3230 425 3280 ratur:
450 3237 532 3300 quae
549 3214 575 3276 si
592 3217 664 3299 quis
683 3216 819 3278 dilatare
836 3215 926 3295 velit,
950 3217 1064 3301 plenos
1082 3218 1211 3302 singula
1226 3222 1313 3282 locos

318 3323 450 3387 habent.
488 3328 580 3404 Quas
607 3325 673 3387 dixi
694 3347 753 3408 per
777 3345 1081 3414 nantocmanoann,
1114 3326 1182 3390 lieri
1203 3326 1315 3412 ampli·

319 3432 490 3495 ficationes
516 3433 707 3508 videamus,
741 3456 782 3499 an
816 3433 893 3495 satis
922 3433 1053 3518 proprio
1083 3437 1183 3498 verbo
1216 3434 1315 3520 signi·
1372 3517 1373 3520 Ἴ

320 3537 484 3602 licaverint
500 3540 571 3620 m).
613 3542 680 3604 Nec
706 3563 778 3602 sum
798 3541 832 3601 in
854 3543 917 3606 hoc
940 3542 1122 3620 sollicitus„
1145 3544 1242 3606 *dum
1264 3561 1313 3604 res

320 3645 600 3728 ipsa-volentibus
632 3642 758 3712 diicere
783 3651 945 3734 adpareat.
995 3652 1065 3713 Hoc
1098 3673 1171 3713 sum
1208 3663 1312 3715 tamen

321 3785 679 3802 m

353 3865 379 3938 *)
403 3871 436 3920 ln
456 3872 515 3923 Cat.
535 3873 559 3928 1.
578 3887 600 3926 c.
621 3890 644 3942 7.
663 3874 685 3938 ᾗ.
709 3889 748 3942 ¹7·

336 3963 380 4056 e).
399 3941 432 4016 io
453 3965 512 4016 cat.
533 3969 553 4019 1.
574 3984 597 4020 c.
621 3983 640 4020 t.
659 3970 682 4034 t.
701 3969 724 4020 3.
748 3947 751 3954 ’

293 4105 301 4116 .
327 4057 380 4130 m)
403 4059 457 4113 Alii
474 4059 585 4129 legunt:
612 4059 836 4132 «signaverim
