2942 4864
647 401 654 411 ·
756 353 840 432 296

306 557 394 638 Quid
412 557 534 618 insita?
576 556 611 618 C.
630 556 666 618 P.
688 546 780 636 Quae
797 553 969 616 inhaerent
985 551 1018 611 in
1037 539 1107 634 ipsa
1121 571 1166 627 re.
1208 549 1298 612 C.P.
1373 589 1380 606 .

304 665 581 729 Testimoniorum
610 685 693 746 quae
724 671 804 724 sunt
834 661 975 745 genera?
1017 660 1052 720 C.
1076 659 1111 720 P.
1143 647 1300 719 Divinum

270 767 274 776 ’
305 782 339 836 et
358 750 547 834 humanum.
589 770 765 848 Divinum,
789 778 826 829 nt
847 766 998 846 oracula,
1021 775 1059 826 ut
1078 764 1239 848 auspicia,
1262 773 1301 826 ut

303 879 555 943 vaticinationes
581 889 614 942 et
633 897 792 961 responsa
810 874 1034 953 sacerdotum,
1066 872 1298 956 haruspicum,

273 1037 278 1048 .
305 987 541 1050 concietorum.
583 987 789 1064 Humanum,
825 982 1104 1068 quodspeetatur
1126 1003 1166 1044 ex
1186 989 1302 1044 aueto-

247 1081 249 1092 ’
304 1095 423 1173 ritate,
455 1105 488 1158 et
512 1117 551 1158 ex
570 1093 759 1171 voluntate,
791 1100 887 1154 etex
916 1091 1085 1168 oratione,
1117 1098 1174 1149 aut
1197 1087 1327 1151 libera·

305 1212 362 1263 aut
382 1224 550 1285 expressa;
575 1201 608 1262 iu
632 1222 698 1283 quo
719 1209 797 1262 sunt
820 1199 960 1282 scripta,
983 1208 1098 1283 pacta,
1121 1198 1300 1281 promissa,
1408 1275 1413 1282 .

302 1306 426 1392 jurata,
451 1309 608 1392 quaesita.
653 1307 687 1370 C.
702 1307 735 1367 F.
761 1309 851 1386 Quae
867 1315 963 1382 sunt,
988 1329 1071 1389 quae
1085 1305 1168 1370 dieis
1185 1304 1303 1366 insita?

305 1417 341 1478 C.
355 1417 391 1476 P.
413 1418 505 1494 Quae
523 1413 623 1480 iniixa
638 1425 716 1476 sunt
737 1414 833 1502 rebus
854 1413 933 1497 ipsis
954 1417 1042 1495 [tum
1063 1435 1101 1476 ex
1118 1423 1209 1491 toto,
1232 1421 1303 1472 tum

222 1497 234 1598 ’ζ
305 1521 535 1605 expertibus,
570 1532 641 1585 tum
666 1544 704 1584 ex
733 1521 924 1597 notatione,
959 1530 1029 1582 tum
1055 1543 1094 1583 ex
1120 1519 1160 1581 iis
1185 1520 1302 1598 rebus,

307 1651 392 1713 quae
414 1628 650 1712 quodammodo
671 1629 805 1716 allectae
826 1639 903 1692 sunt
923 1628 963 1690 ad
983 1628 1031 1706 id,
1056 1628 1101 1689 de¹
1116 1625 1181 1711 quo
1203 1647 1316 1709 quae.

306 1736 410 1814 ritur,
431 1746 476 1806 ‚et
502 1736 542 1798 ad
572 1736 604 1796 id
629 1743 753 1814 totum,
786 1736 826 1798 de
845 1759 912 1820 quo
933 1735 1125 1812 disseritur,
1157 1746 1226 1797 tum
1247 1733 1304 1796 de-

307 1843 414 1906 finitio
447 1841 637 1922 adhibetur,
684 1854 755 1906 tum
788 1844 932 1927 partium
971 1842 1205 1919 enumeratio„
1232 1853 1304 1904 tum

307 1952 435 2016 notatio
461 1953 561 2014 verbi.
605 1953 652 2014 Ex
678 1951 718 2013 iis
751 1963 862 2016 autem
889 1952 1007 2030 rebus,
1039 1974 1123 2033 quae
1144 1949 1305 2032 quodam-

308 2060 404 2122 modo
430 2061 563 2122 allectae
592 2068 670 2120 sunt
699 2058 812 2137 adid,
848 2058 888 2121 de
921 2081 985 2141 quo
1013 2059 1202 2142 quaeritur,
1239 2057 1304 2118 alia

308 2165 479 2251 conjugata
499 2165 722 2249 appellantur,
745 2165 809 2226 alia
828 2187 868 2228 ex
882 2187 1017 2249 genere,
1041 2165 1103 2225 alia
1123 2188 1161 2228 ex
1181 2167 1306 2243 forma,

306 2274 371 2336 alia
389 2297 428 2336 ex
448 2274 681 2350 similitudine,
716 2274 779 2336 alia
798 2295 836 2336 ex
854 2273 1054 2350 differentia,
1087 2273 1149 2333 alia
1167 2294 1205 2334 ex
1224 2294 1306 2335 cou-

306 2382 429 2459 trario,
463 2382 522 2441 alia
552 2403 590 2443 ex
619 2380 829 2465 conjunctis,
860 2381 923 2440 alia
949 2402 988 2443 ex
1012 2381 1304 2461 antecedentibus,

307 2489 369 2550 alia
395 2509 433 2550 ex
455 2489 754 2570 consequentibus,
788 2488 849 2548 alla
877 2509 917 2550 ex
934 2489 1208 2573 repugnantibus,
1241 2487 1307 2550 alia

307 2617 346 2660 ex
372 2595 500 2673 causis,
543 2593 604 2656 alia
637 2616 678 2656 ex
712 2594 855 2671 eli'ectis,
895 2593 959 2656 alia
992 2619 1031 2660 ex
1061 2569 1305 2679 comparationis

307 2700 485 2785 majorum,
517 2713 573 2764 aut
599 2702 726 2784 perlum
753 2713 810 2764 aut
828 2702 1010 2788 minorum]
1030 2710 1058 2784 ⁴¹)
1075 2715 1112 2768 ut
1136 2705 1305 2781 delinitio,

307 2820 345 2874 ut
374 2809 595 2887 contrarium,
629 2817 672 2890 ut
698 2829 755 2886 ea,
790 2830 874 2894 quae
902 2819 980 2872 sunt
1010 2811 1073 2894 ipsi
1098 2814 1305 2876 eontrariove

307 2914 377 3000 ejus
409 2929 467 2981 aut
501 2915 638 2998 similia,
668 2927 725 2978 aut
753 2916 940 3006 dissimilia,
972 2931 1030 2981 aut
1062 2932 1303 2998 consentanea,

308 3035 364 3088 aut
384 3024 590 3090 dissentaaea
602 3051 625 3084 :-
642 3035 678 3086 ut
701 3048 760 3105 ea,
792 3047 876 3111 quae
898 3037 976 3089 sunt
993 3028 1088 3110 quasi
1105 3026 1282 3112 conjuncta
1294 3071 1314 3115 ,¹
1353 3101 1356 3108 ,

308 3141 365 3194 aut
399 3153 455 3209 ea,
485 3153 571 3214 quae
606 3141 684 3192 snut
716 3133 811 3216 qnasi
843 3134 1019 3216 pugnantia
1049 3134 1136 3198 inter
1166 3157 1217 3196 se:
1249 3143 1306 3196 aut

309 3261 420 3302 aarum
446 3261 577 3316 rerum,
614 3235 653 3301 de
681 3233 799 3321 quibus
827 3239 956 3322 agitur,
987 3263 1119 3304 causae:
1151 3252 1208 3302 aut
1227 3263 1306 3312 οιιιι-ι

309 3361 418 3410 sarum
438 3357 593 3424 eventus,
622 3345 657 3408 id
677 3357 747 3424 est,
781 3367 864 3430 quae
886 3357 964 3408 sunt
982 3349 1096 3411 effecta
1119 3349 1306 3427 decausis,

310 3464 347 3515 ut
370 3435 637 3538 distributiones,
671 3464 709 3514 ut
726 3473 843 3536 genera
860 3457 1002 3540 partium
1021 3477 1215 3540 generumve
1227 3477 1309 3538 ,par-

313 3623 681 3640 w

355 3705 381 3776 ')
398 3708 479 3778 Quae
508 3709 554 3762 bie
573 3697 729 3782 parenthesi
751 3709 859 3766 inclusa
880 3719 961 3776 suut,
991 3710 1138 3764 Lambinus
1157 3720 1185 3764 et
1202 3711 1308 3765 Ernesti

397 3804 508 3870 omniuo
531 3805 655 3858 tollenda
674 3813 789 3877 putant,
815 3817 848 3860 ut
866 3823 1035 3879 supervacua
1051 3817 1080 3860 et
1096 3823 1111 3859 a
1128 3807 1237 3879 Topicis
1252 3805 1309 3858 bue
1381 3876 1383 3884 γ

396 3896 544 3968 translata,
573 3918 689 3974 quorum
710 3901 822 3976 quidem
845 3903 981 3957 sententia
1002 3901 1046 3958 ais
1068 3901 1246 3974 improbanda
1269 3902 1310 3956 ri·

400 3987 489 4044 detur.
961 3987 965 3996 “
