2902 4866
637 423 734 500 485¹

178 625 352 688 sufficerat.
395 597 444 684 An
465 623 493 688 si
510 623 585 707 quis
602 623 733 708 ingenio
754 629 926 706 corruptus
948 643 985 684 ac
1005 621 1170 702 tumidus,
1243 697 1245 704 y

181 745 218 796 ut
233 732 379 816 plerique
395 739 491 807 sunt,
516 731 685 806 inciderit,
708 731 741 790 in
757 730 820 790 hoc
836 751 909 812 eum
928 729 974 790 ire
990 730 1172 813 patiemur?

180 841 306 930 aridum
321 849 420 923 atque
434 838 579 925 jejunum
592 861 656 902 nou
672 839 808 916 alemus,
827 850 859 902 et
876 839 969 921 quasi
985 837 1173 902 vestientis?

178 952 259 1012 Nam
280 949 306 1012 si
326 949 483 1032 quaedam
504 944 671 1010 detrahere
690 947 909 1010 necessarium
930 958 997 1024 est,
1026 967 1086 1008 cur
1104 969 1171 1009 nou

180 1059 223 1118 sit
246 1054 388 1140 adjicere
413 1033 627 1118 conoessum?
657 1058 773 1138 Neque
800 1074 858 1140 ego
884 1063 1173 1141 contratnaturam·

178 1187 304 1249 pugnos
347 1167 419 1226 Non
448 1165 535 1226 enim
562 1163 774 1228 deterendum
800 1163 832 1225 id
857 1163 998 1240 bonum,
1033 1163 1059 1223 si
1083 1161 1172 1245 quod

180 1273 360 1356 ingenitum
383 1272 642 1350 est‚=eaistimo,
673 1271 729 1334 sed
748 1271 950 1354 aagendam,
972 1269 1173 1338 addendum-

180 1402 255 1462 que,
275 1381 363 1463 qaod
382 1391 497 1443 cessat.
530 1382 579 1442 An
596 1401 673 1440 vero
695 1379 893 1440 clarissimas
908 1377 963 1440 ille
982 1361 1174 1461 praeceptor

179 1489 357 1560 Isocrates,
388 1491 483 1566 quem
505 1505 570 1544 non
589 1483 688 1567 magis
710 1484 785 1544 libri
804 1484 887 1545 bene
908 1483 1045 1560 dixisse,
1076 1507 1173 1568 quam

178 1591 332 1674 discipuli
359 1591 442 1652 bene
472 1590 622 1652 docuisse
647 1600 829 1668 testantur,
863 1612 963 1672 quum
984 1592 1024 1652 de
1040 1590 1171 1674 Ephoro

177 1711 277 1782 atque
294 1700 503 1782 Theopompo
520 1700 567 1759 sic
584 1694 761 1779 judicaret,
783 1697 926 1768 utalteri
932 1698 1038 1779 frenis
1047 1742 1060 1770 ,
1083 1699 1173 1764 atteri

178 1809 358 1893 calcaribus,
379 1828 457 1891 opus
483 1825 546 1866 esse
573 1804 697 1866 diceret
716 1805 762 1883 *),
805 1815 861 1866 aut
886 1793 1006 1867 iniilto
1032 1804 1172 1868 lentiore

177 1915 374 1991 tarditatem,
400 1925 455 1974 aut
475 1913 507 1973 in
529 1913 586 1974 itto
605 1933 707 1995 paene
724 1911 894 1995 praecipiti
914 1912 1172 1975 concitationem

141 2089 144 2103 ἱ
178 2021 393 2103 adjuvandam
434 2019 581 2081 docendo
615 2019 842 2082 existimavit?
890 2042 992 2103 quum
1033 2020 1190 2082 alterum
1226 2051 1229 2059 ¹

177 2131 312 2194 alterius
345 2140 460 2189 natura
486 2127 689 2188 miscendum
719 2127 942 2190 arbitraretur.
992 2127 1169 2192 Imbecitlis

177 2247 285 2300 tamen
309 2234 447 2318 ingeniis
467 2225 543 2296 sane
562 2234 617 2296 sic'
630 2236 874 2317 obsequendum
892 2236 956 2313 sit',
988 2246 1024 2296 ut
1042 2246 1170 2299 tantum

117 2372 125 2384 =
178 2343 212 2404 in
236 2343 290 2420 id,
315 2363 381 2425 quo
398 2353 492 2404 vocat
512 2353 645 2418 natura,
670 2341 841 2403 ducantur.
884 2342 1058 2420 luerim,
1082 2343 1171 2426 quod

178 2451 283 2512 solum
311 2458 468 2532 possunt,
485 2449 617 2512 metius
644 2449 794 2512 efficient.
843 2449 877 2512 Si
903 2465 984 2512 vero¹
1005 2451 1172 2514 liberalior

178 2558 310 2619 materia
329 2557 522 2640 contigerit,
547 2567 578 2620 et
597 2558 630 2620 in
650 2581 712 2640 qua
734 2558 847 2620 merito
865 2558 905 2619 ad
924 2581 1013 2642 spem
1031 2555 1169 2622 oratoris
1234 2585 1245 2596 ⁴

178 2666 278 2726 simus
308 2665 467 2748 aggressi,
499 2663 588 2726 nulla
617 2665 748 2728 dicendi
775 2667 878 2729 virtus
906 2666 1086 2730 omittenda
1111 2677 1170 2731 est.
1248 2668 1253 2673 ’
1304 2658 1306 2666 ’

176 2775 256 2837 Nam
276 2772 355 2834 iicet
375 2773 418 2835 sit
435 2774 577 2858 aliquam
599 2776 632 2836 in
657 2785 782 2859 partem
805 2777 955 2858 pronior,
979 2785 1015 2836 ut
1037 2795 1171 2838 necesse

173 2893 246 2958 est,
275 2879 392 2944 ceteris
422 2890 530 2943 tamen
562 2905 628 2944 non
657 2883 869 2966 repugnabit,
901 2893 999 2968 atque
1028 2905 1065 2948 ea
1092 2904 1171 2946 curu

178 2989 268 3070 paria
283 2989 381 3051 faciet
400 2987 460 3066 iis,
480 2989 513 3048 in
535 2990 652 3072 quibus
674 2989 851 3052 eminebat:
874 2971 959 3052 sicut
978 2990 1032 3054 ille
1055 2998 1113 3072 (ae
1132 2992 1171 3054 ab

180 3095 292 3157 eodem
309 3097 455 3178 exemplo
473 3096 678 3174 recedamus)
699 3095 869 3159 exercendi
883 3119 1020 3181 corpora
1034 3099 1172 3182 peritus,

180 3223 266 3279 non,
298 3202 325 3264 si
357 3203 540 3266 docendum
565 3204 805 3285 pancratiasten
829 3204 1029 3288 susceperit,
1060 3227 1170 3291 pugno

140 3311 143 3318 '
178 3309 277 3370 ferire
301 3308 638 3388 rel'calcetantam,
669 3323 724 3374 aut
754 3333 855 3374 neuras
873 3312 986 3392 modo,
1018 3323 1116 3398 atque
1134 3313 1170 3376 in

178 3413 230 3511 his
262 3427 370 3478 certos
399 3417 522 3502 aliquos
551 3418 790 3502 docebit,„sed
818 3421 947 3501 omnia,
981 3439 1064 3506 quae
1093 3434 1174 3489 suut
1226 3500 1228 3508 Ι

195 3627 527 3644 mm

210 3753 249 3829 *')
266 3759 309 3812 De
323 3755 499 3834 Theopompo
520 3772 549 3817 et
567 3762 691 3835 Ephoro,
717 3762 867 3830 historicis,
894 3722 1066 3836 chinprimii
1080 3767 1170 3824 Cicer.

264 3854 307 3907 De
323 3872 360 3907 or·
382 3860 430 3912 111.
448 3875 472 3911 o.
490 3876 516 3930 9.
559 3859 593 3912 it.
614 3857 688 3914 Brut.
714 3876 740 3918 c.
760 3861 803 3918 56.
830 3868 858 3914 et
882 3861 999 3930 Quintil.
1019 3861 1076 3934 ipae
1097 3863 1115 3916 l.
1138 3863 1169 3916 Χ.

266 3967 291 4004 c·
311 3969 331 4005 ¹·
350 3952 372 4018 t·
391 3951 432 4022 rt·
479 3967 483 3974 ·
882 3978 886 3983 ·
