2902 4866
766 397 849 472 476
885 421 889 432 ¹

306 607 382 654 nam
409 595 541 677 legerits
579 597 662 659 Volo
683 597 768 658 enim
797 616 831 656 se
858 591 969 678 efficat
988 591 1024 654 in
1044 591 1238 655 adolescente
1248 590 1305 676 se-

274 735 278 744 .
307 701 501 776 conditas*).
932 763 941 782 ⁸

372 814 581 896 Quapropter
612 813 646 874 in
676 811 791 897 primis
825 809 997 874 evitandus
1010 853 1020 888 ,
1058 819 1092 870 et
1125 807 1160 868 in
1193 805 1303 890 pueris

306 919 504 1004 praecipue,
546 921 700 1004 magister
741 919 876 997 aridus,
922 937 989 980 non
1031 917 1162 992 miuus,
1205 935 1305 997 quam

305 1029 429 1090 teneris
458 1027 563 1090 adhuc
595 1027 715 1111 plantis
751 1027 877 1090 siccum
906 1038 939 1089 et
968 1023 1039 1087 sine
1069 1002 1207 1085 humore
1234 1021 1305 1082 ullo

307 1131 422 1200 sdlum.
466 1135 544 1198 Inde
571 1113 658 1196 fiunt
679 1136 817 1196 humiles
844 1134 975 1212 statim,
1008 1143 1041 1196 ct
1067 1132 1159 1196 velut
1184 1142 1307 1193 terram

307 1253 513 1323 spectantes,
544 1244 602 1325 qui
632 1242 716 1303 nihil
736 1265 833 1324 supra
861 1240 1094 1324 quotidianum
1122 1258 1308 1302 sermonem

306 1348 455 1411 attollere
473 1350 623 1422 audeaut.
665 1348 786 1410 Macies
802 1349 867 1410 illis
882 1370 945 1432 pro
960 1350 1118 1426 sanitate,
1142 1356 1174 1408 et
1188 1344 1308 1430 judicii

288 1455 382 1539 ''loco
400 1455 571 1516 infirmitas
591 1466 661 1518 esta
681 1467 715 1518 et
733 1455 810 1516 dum
830 1455 908 1518 satis
927 1466 1058 1540 putant,
1084 1455 1165 1517 vitio
1181 1475 1307 1529 curere,

246 1589 248 1592 ·
267 1563 269 1570 ’
306 1561 395 1656 inid
411 1561 518 1647 ipsum
534 1563 687 1634 incidunt
703 1563 840 1642 vitium,
875 1564 965 1647 quod
982 1564 1161 1626 virtutibus
1181 1571 1307 1622 carent.

303 1671 415 1748 Quare
441 1669 521 1730 mihi
549 1693 589 1732 ne
614 1671 784 1734 maturitas
808 1670 943 1754 quidem
968 1671 1039 1755 ipsa
1057 1671 1212 1745 festinet,
1242 1689 1306 1729 nec

305 1787 414 1838 musta
450 1778 484 1839 iu
518 1778 593 1839 lacu
627 1780 737 1840 statim
771 1789 902 1843 austera
934 1780 1020 1841 sint:
1055 1777 1105 1840 sic
1136 1785 1168 1842 et
1200 1796 1306 1836 annos

305 1888 433 1964 ferent,
456 1899 489 1949 et
505 1896 669 1950 vetustate
691 1889 879 1972 proficient:

366 1995 413 2055 Ne
434 1994 516 2055 illud
537 1995 689 2080 quidem,
718 1997 808 2079 quod
829 2016 1029 2072 moneamus,
1049 1994 1222 2076 indignum
1241 2002 1304 2068 est,

255 2141 259 2152 ι
306 2101 437 2184 ingenia
457 2123 636 2186 puerorum
664 2104 764 2164 nimia
791 2103 925 2164 interim
953 2100 1191 2164 emendationis
1216 2120 1306 2161 seve-

305 2210 403 2272 ritate
438 2209 594 2273 deficere:
636 2233 711 2272 nam
745 2219 780 2273 et
806 2211 999 2294 desperant3
1039 2219 1072 2271 et
1099 2209 1229 2285 dolent,
1271 2217 1305 2268 et

307 2317 482 2380 novissime
510 2317 673 2396 oderunt,
706 2328 739 2380 et
771 2313 882 2400 (quod
913 2317 1050 2378 maxime
1080 2321 1195 2393 nocet)
1226 2314 1304 2374 dum

306 2424 415 2489 omnia
436 2425 575 2503 timent,
606 2426 687 2486 nihil
706 2437 877 2488 conantur.
928 2424 1025 2502 Quod
1049 2423 1147 2486 etiam
1166 2420 1303 2482 rusticis

232 2590 234 2596 ,
297 2542 422 2610 ‘notum
447 2543 517 2610 est,
552 2535 610 2618 qui
633 2535 809 2596 frondibus
830 2534 952 2598 teneris
977 2555 1044 2594 nou
1067 2541 1187 2616 putant
1211 2529 1306 2590 adhi-

304 2640 444 2702 bendam
467 2661 537 2705 esse
557 2617 692 2717 falcem,
716 2642 797 2724 quin
813 2615 1025 2704 refoimidare
1043 2640 1167 2700 ferrum
1187 2637 1305 2698 riden—
1359 2664 1362 2673 ·

304 2756 379 2826 tur,
410 2756 445 2808 et
477 2747 668 2810 cicatricem
703 2748 848 2808 nondum
879 2747 947 2830 pati
977 2767 1083 2830 posse.
1132 2743 1332 2808 Jucuudus-

237 2923 240 2930 ,
305 2878 380 2938 ergo
398 2865 468 2916 tum
489 2856 626 2919 maxime
646 2856 744 2920 debet
758 2877 829 2918 esse
850 2855 1059 2941 praeceptor,
1082 2862 1120 2914 ut
1142 2853 1303 2930 remedia,

307 2985 391 3046 quae
409 2963 533 3046 alioqui
554 2977 669 3026 natura
689 2975 766 3026 sunt
785 2987 916 3048 aspera,
940 2964 1032 3026 molli
1054 2985 1153 3026 mauu
1173 2961 1305 3024 lenian-

305 3083 382 3144 tur;
411 3071 546 3134 'laudare
564 3072 697 3156 aliqua,
729 3074 815 3153 ferne
834 3072 1012 3156 quaedam,
1034 3085 1160 3134 mutare
1181 3067 1303 3146 etiam,

305 3180 442 3258 reddita,
466 3201 526 3242 cur
538 3179 571 3242 id
584 3181 652 3259 fiat,
671 3181 819 3253 ratione3
842 3181 1040 3258 illuminare,
1063 3175 1304 3262 interponendo
1326 3155 1331 3166 Ι

306 3288 432 3370 aliquid
462 3291 523 3351 sui·
575 3290 821 3372 Nonnunquam
853 3289 917 3350 hoe
949 3309 1083 3370 quoque
1114 3287 1176 3348 erit
1202 3286 1303 3364 utile,

272 3375 275 3386 ⁸
306 3406 398 3466 totas
411 3397 516 3478 ipsum
535 3396 661 3460 dictare
683 3398 854 3473 materias,
868 3417 958 3482 quas
980 3405 1014 3458 et
1036 3393 1184 3457 imitetur
1196 3415 1303 3476 puer,

305 3495 339 3566 et¹
357 3505 489 3566 interim
509 3515 667 3590 tanquam
698 3527 772 3566 suas
797 3515 892 3567 amet.
935 3505 978 3566 'Aa
996 3503 1022 3565 si
1047 3513 1115 3566 tam
1134 3501 1304 3586 negligens

305 3613 334 3674 ei
355 3612 448 3673 stilus
475 3614 594 3689 fuerit,
626 3625 663 3675 ut
687 3613 947 3680 emendationem
974 3633 1039 3674 nou
1061 3612 1215 3696 recipiat:
1246 3631 1304 3671 ex-

305 3728 511 3804 pertaesum,
529 3722 694 3805 prodesse,
718 3723 848 3806 quoties
864 3722 1000 3784 eandem
1009 3721 1176 3785 materiam
1189 3743 1302 3780 rursus

306 3831 390 3890 aime
407 3838 616 3891 retractatam
626 3875 636 3909 ‚
659 3832 802 3894 scrihere
820 3812 859 3892 de
877 3829 1002 3912 integro
1024 3826 1188 3912 juberem3
1208 3851 1302 3915 posse

348 4051 374 4122 ⁹)
400 4055 488 4108 Cicer.
502 4055 545 4108 De
561 4065 628 4109 orat.
642 4057 678 4109 11.
693 4073 736 4110 οι.
750 4055 864 4110 secunde
882 4055 996 4107 Gerous-t
