2942 4864
808 409 896 488 oto

419 613 554 694 ltaque,
587 621 709 676 utnon
732 609 903 687 consensi,
937 607 1001 671 hoo
1021 603 1224 669 laudativum
1246 628 1349 690 genus

359 719 446 781 circu
462 719 563 780 solam
579 719 699 799 versari
716 718 845 780 honesti
863 716 1105 801 quaestionem,
1128 716 1175 778 sic
1192 715 1352 797 qualitate

359 827 501 892 maxime
523 825 686 890 contineri
706 837 803 910 puto:
827 847 1014 908 quanquum
1031 845 1142 886 omnes
1161 833 1227 886 tres
1246 832 1350 883 status

359 933 524 1010 cuderesin
541 934 603 994 hoc
623 955 702 1017 opus
720 935 863 1018 possint,
885 934 1003 1014 hisque
1021 954 1112 993 usum
1130 932 1163 992 C.
1181 932 1351 992 Caesarem

358 1039 393 1102 in
421 1041 636 1125 vituperando
661 1043 782 1104 Catone
815 1019 977 1104 notaverit
1006 1041 1118 1102 Cicero
1138 1039 1175 1117 *).
1228 1036 1350 1100 Totum

358 1158 467 1211 eutem
485 1147 582 1210 habet
600 1147 725 1230 aliquid
744 1149 849 1211 simile
868 1147 1037 1223 suasoriis:
1061 1146 1136 1228 quia
1156 1145 1351 1230 plerumque

358 1253 469 1318 eedem
490 1255 560 1316 illic
580 1254 708 1316 suaderi
720 1299 736 1332 ‚,
752 1255 807 1329 hic
829 1255 956 1318 landari
979 1256 1084 1318 solent
1104 1256 1157 1332 **).

509 1443 562 1504 De
592 1444 696 1505 locis
728 1444 885 1528 generis
916 1442 1194 1507 deliberativi.

574 1629 576 1636 ¹
604 1611 709 1664 Cicero,
744 1609 833 1679 (Part.
853 1617 919 1662 orat
940 1625 963 1661 c.
981 1606 1112 1677 26-an

418 1729 478 1789 Est
499 1728 632 1810 (igitur)
653 1729 686 1788 in
709 1729 923 1793 deliberando
938 1729 1012 1788 finis
1034 1729 1171 1799 utilitas,
1193 1726 1233 1787 ad
1253 1747 1350 1809 quem

358 1836 466 1896 omniu
496 1836 538 1894 ita
567 1835 751 1896 referantur
781 1837 813 1896 in
835 1835 1098 1897 consilio'dando
1121 1833 1349 1916 sententiaque

288 2000 291 2007 .
359 1942 518 2019 dicenda,
560 1951 598 2002 ut
632 1942 684 2002 illu
717 1944 819 2026 prima
848 1944 914 2005 sint
937 1943 1064 2034 sparsori
1093 1955 1147 2004 aut
1174 1941 1348 2003 dissuasori

335 2051 515 2127 'videnda',
546 2049 627 2132 quid
652 2063 707 2112 aut
734 2051 837 2134 possit
864 2051 952 2128 fieri,
987 2062 1132 2112 autnon
1160 2049 1282 2132 possit,
1316 2059 1349 2109 et

360 2157 440 2239 quid
460 2169 515 2219 aut
534 2173 667 2220 neeesse
685 2158 747 2236 sit,
771 2169 914 2220 autnon
934 2181 1067 2222 necesse
1084 2159 1155 2239 Ψ).
1198 2158 1347 2234 Names,

359 2267 387 2325 si
413 2266 491 2348 quid
513 2267 594 2328 effici
615 2289 680 2327 non
700 2279 823 2349 potest,
856 2267 1044 2328 deliberatio
1065 2265 1209 2339 tollitur,
1234 2287 1348 2347 quum·
1448 2271 1449 2324 l

358 2373 407 2431 sis
425 2373 504 2433 utile
522 2373 580 2433 sit:
604 2385 653 2447 et,
678 2373 705 2434 si
724 2374 804 2454 quid
822 2394 956 2455 necesse
977 2385 1045 2449 est,
1069 2379 1222 2452 (neeesse
1239 2383 1347 2433 autern

359 2479 392 2538 id
414 2490 482 2554 θεῖ’,
514 2479 584 2539 sine
613 2483 679 2560 quio
705 2480 786 2539 salvi
808 2457 943 2542 libbrive
965 2503 1035 2543 esse
1056 2504 1119 2542 non
1139 2483 1345 2562 possumus),

358 2585 392 2644 id
420 2594 469 2645 est
495 2585 631 2666 reliquis
660 2597 691 2646 et
715 2586 938 2649 honestatibus
961 2587 995 2648 in
1019 2588 1109 2649 civili
1132 2588 1278 2665 ratione,
1315 2593 1349 2648 et

404 2741 428 2812 1”)
449 2743 536 2794 Cicer.
555 2743 649 2812 Topic.
671 2761 693 2795 c.
710 2744 751 2795 25.
771 2745 793 2809 5.
809 2741 851 2812 94.

390 2833 429 2908 **)
447 2835 518 2887 Huic
534 2839 686 2890 sententiae
704 2838 817 2910 finitima
834 2846 873 2889 est
888 2835 951 2901 illo,
972 2855 1053 2908 quarn
1070 2837 1183 2905 legimus
1200 2857 1241 2909 up.
1260 2839 1348 2892 Cicer.

443 2932 501 3004 (De
524 2940 587 2984 orat.
613 2932 631 2984 l.
649 2933 684 2985 ll.
705 2950 729 2986 c.
746 2937 787 2988 δι.
808 2936 830 3000 5.
850 2933 940 3002 333.):
968 2934 1088 3004 uNeque
1113 2952 1177 2986 sane
1193 2935 1245 2999 jam
1267 2951 1348 2986 causa

444 3027 643 3087 videturesse,
664 3045 712 3081 cur
726 3047 900 3081 secernamus
918 3046 948 3080 ea
966 3039 1124 3099 praecepta,
1146 3046 1217 3100 quae
1236 3030 1270 3081 de
1288 3047 1350 3080 sua·

445 3121 565 3174 sionibus
589 3122 721 3174 tradenda
758 3107 823 3176 sunt
851 3131 900 3174 aut
924 3119 1137 3175 laudationibus.
1182 3123 1253 3176 Sunt
1278 3126 1350 3177 enim

443 3217 573 3288 pleraque
592 3219 757 3270 eommunia.
768 3238 781 3265 n
794 3245 797 3254 ι

374 3307 428 3382 Ψ)
446 3311 523 3364 Circa
541 3312 621 3365 finem
636 3311 739 3378 generis
757 3309 927 3365 deliberativi
944 3302 1038 3365 Cicero
1056 3311 1106 3365 sibi
1125 3311 1176 3382 ipsi
1193 3311 1268 3364 haud
1284 3329 1350 3366 con-

445 3416 515 3459 stare
536 3405 650 3460 videtur.
685 3405 811 3475 Namque
829 3403 862 3458 de
878 3407 952 3458 Oret.
975 3407 1066 3478 (tlt.
1093 3423 1116 3459 c.
1132 3404 1191 3476 δα.)
1212 3408 1249 3459 itu
1267 3407 1351 3462 dicits

445 3502 501 3552 uln
515 3499 655 3564 suadendo
669 3499 736 3550 nibil
755 3509 796 3551 ert
811 3499 973 3569 optabilius,
1001 3519 1082 3573 quam
1103 3500 1234 3572 dignitas.
1271 3501 1350 3567 Nam,
1445 3527 1446 3566 i

446 3595 494 3666 qui
516 3596 665 3648 utilitatem
688 3604 784 3665 putat,
817 3613 888 3658 non,
916 3597 984 3668 quid
1009 3597 1126 3648 maxime
1151 3596 1218 3650 velit
1241 3613 1349 3661 suasor,

445 3689 511 3750 sed,
539 3679 606 3760 quid
629 3689 766 3742 interdum
791 3690 872 3759 magis
893 3701 1040 3762 sequatur,
1068 3691 1172 3745 videt.»
1201 3719 1233 3761 -ss
1266 3687 1351 3744 ‘Com-

444 3783 557 3852 parand.
583 3785 698 3857 Quintil.
725 3785 761 3856 (l.
787 3785 838 3837 lIl.
866 3801 888 3836 c.
911 3783 954 3854 8.)
995 3785 1214 3839 «Deliberativar
1238 3803 1351 3859 quoque

446 3875 527 3926 miror
551 3893 567 3924 ι
589 3875 752 3948 quibusdam
773 3879 831 3930 sola
850 3879 971 3932 utilitate
993 3880 1089 3933 linitas.
1126 3884 1182 3946 Ac,
1204 3881 1226 3934 si
1240 3881 1309 3952 quid
1323 3881 1352 3934 in

366 4025 369 4044 r
430 3961 433 3972 '
446 3957 587 4020 bis'unum
599 3973 678 4058 sequi
692 3981 843 4042 oporteret,
864 3975 951 4042 potior
963 3959 1058 4028 suisset
1071 3975 1144 4045 apud
1157 3993 1200 4030 me
1213 3975 1351 4030 Ciceronis

447 4062 599 4126 renuntia,
628 4066 676 4136 qui
690 4065 743 4120 hoc
760 4053 889 4121 materiae
903 4085 990 4135 genus
1005 4068 1137 4138 dignitus
1153 4069 1270 4122 maxime
1285 4087 1351 4126 eon·
1444 4067 1445 4147 l

446 4153 525 4208 tineri
542 4163 629 4224 putat.
640 4175 653 4202 u
