2902 4866
362 665 421 707 sua
435 641 660 730 ipsepersona
676 639 942 728 frequentissime
957 638 1136 726 praecipit:
1164 644 1248 724 quin
1268 639 1378 706 οιὶαιιι
1443 607 1444 702 l

360 751 463 816 libros
490 752 636 814 Platonis
663 763 764 835 atque
783 748 1012 834 Xenophontis
1039 749 1143 821 edidit
1159 747 1223 810 hoc
1248 769 1377 830 genere

361 859 538 924 translatos
555 861 593 938 *).
634 860 673 922 ld
689 859 845 922 Messalae
861 858 1000 942 placuit,
1022 857 1314 940 multaequeount
1330 859 1378 920 ab

362 988 402 1032 co
419 967 562 1052 scriptae
576 967 617 1030 ad
632 968 724 1036 hunc
740 967 1073 1038 modum'orutiones:
1096 965 1198 1042 adeo‚'
1213 974 1253 1025 ut
1268 965 1377 1028 etiam

361 1097 439 1139 cum
462 1075 536 1144 illa,
549 1075 722 1168 Hyperidis
749 1097 809 1168 pro
830 1074 963 1158 Phryne
989 1073 1179 1136 difficillima
1209 1073 1376 1134 Romania

363 1183 546 1270 subtilitate
561 1183 789 1248 contenderet.
829 1183 874 1249 Et
893 1183 1066 1246 manifesta
1084 1189 1135 1244 ast
1157 1181 1378 1271 exercitatio-

364 1289 417 1352 nis
435 1287 572 1373 hujusce
588 1292 685 1354 ratio.
727 1293 809 1360 Nam
825 1301 860 1360 et
874 1313 988 1354 rernm
1003 1289 1100 1374 eopia
1117 1289 1238 1352 Graeci
1254 1301 1377 1367 auctor

361 1419 414 1462 res
433 1397 603 1462 abundant
629 1409 664 1462 et
682 1399 959 1482 plurimumartis
982 1397 1017 1461 iu
1035 1397 1377 1481 eloquentiamintn-

361 1503 492 1572 lerautt
537 1515 570 1571 et
606 1505 668 1570 hos
701 1508 978 1574 transferentibus
1008 1507 1117 1572 verbis
1151 1505 1202 1569 uti
1233 1507 1374 1591 optimis

361 1603 460 1678 licet:
491 1615 645 1680 omnibus
670 1617 759 1680 enim
778 1617 907 1679 utimur
926 1614 1058 1679 nostris.
1101 1615 1239 1698 Figurae
1265 1637 1372 1694 vero,

359 1711 484 1808 quilius
510 1724 653 1788 maxime,
669 1733 808 1788 ornatur
824 1725 947 1808 oratio,
977 1723 1097 1786 multas
1120 1747 1158 1786 ac
1177 1724 1288 1786 varias
1315 1745 1374 1788 ex-

364 1831 531 1916 cogitandi
551 1831 650 1896 etiam
668 1826 849 1896 necessitas
865 1831 1027 1915 quaedam
1041 1841 1108 1894 ests
1126 1825 1209 1914 ¹quia
1221 1832 1374 1915 plerum·
1443 1885 1444 1890 ,

362 1961 501 2024 rumque
523 1963 542 2000 a
561 1940 696 2004 Graecia
716 1943 862 2004 Romano
878 1939 1090 2004 dissentiunt.

268 2122 273 2132 ,
369 2080 373 2094 ·
425 2047 490 2114 Sed
518 2059 552 2112 et
577 2047 634 2110 illa
662 2069 701 2110 ex
725 2039 851 2111 Latinis
874 2048 1049 2132 conversio
1072 2046 1213 2110 mulum
1239 2057 1274 2110 et
1300 2046 1374 2131 ipsa

363 2155 554 2222 smtulerit
595 2153 701 2219 Aede
719 2155 920 2220 carminibus
934 2155 1068 2240 quidem
1083 2155 1250 2218 neminem
1270 2154 1373 2216 credo

363 2264 537 2342 dubitare,
572 2285 639 2348 quo
656 2264 727 2328 solo
747 2285 864 2348 genere
887 2265 1132 2328 exercitationis
1148 2263 1275 2326 dicitur
1291 2283 1372 2327 usur

365 2395 436 2438 esse
468 2372 646 2458 Sirlpicius.
697 2374 841 2440 Names
872 2372 1021 2436 sublimis
1051 2373 1186 2456 spiritus
1218 2371 1374 2443 attollere

366 2479 550 2544 orationem
570 2488 707 2564 potests
722 2489 762 2544 et
783 2469 904 2558 rerba,
921 2469 1065 2564 ¹poetica
1090 2463 1243 2542 libertate
1261 2479 1375 2558 *enda-

286 2595 289 2604 ’
369 2587 479 2665 ciera,
512 2607 579 2648 uon
599 2597 815 2672 praesumunt
835 2588 947 2652 eadem
964 2588 1094 2672 proprie
1111 2587 1243 2650 dicendi
1266 2575 1376 2650 iacul-

366 2703 479 2758 tatem.
520 2686 631 2757 Sedet
647 2693 726 2776 ipsis
745 2696 918 2759 sententiis
938 2695 1078 2780 adjicere
1095 2695 1176 2758 licet
1192 2695 1374 2758 oratoriam

366 2802 468 2865 robur
482 2801 654 2888 ctomissa
671 2802 842 2888 supplere,
865 2803 965 2866 effusa
981 2803 1213 2888 substringere.
1256 2804 1374 2893 linque

368 2929 429 2993 ego
450 2909 672 2994 paraphrasim
698 2931 769 2975 esse
799 2911 1104 2997 interpretationem
1130 2921 1260 2972 tantum
1282 2913 1371 2988 volo,

369 3018 541 3085 *dcirca
569 3021 701 3084 eoadem
727 3041 843 3084 seusus
867 3032 1032 3088 certamen
1059 3021 1372 3104 atqueacmniatio-

352 3149 455 3214 'nem-
499 3127 643 3212 Ideoque
657 3129 697 3192 ab
714 3129 782 3192 illis
798 3128 968 3205 dissentio,
992 3127 1050 3211 qui
1065 3139 1193 3192 vertere
1205 3131 1371 3192 orationes

341 3231 504 3300 -Iistinaa
532 3245 666 3313 vetant,
706 3236 788 3320 quia,
810 3235 944 3320 optimis
976 3236 1166 3320 occupatis,
1207 3236 1372 3322 quidquid
1440 3267 1441 3325 p

372 3346 469 3410 aliter
486 3345 691 3424 dixerimus,
731 3367 866 3410 necesse
901 3345 944 3408 sit
974 3366 1047 3409 esse
1080 3345 1233 3410 deterius.
1273 3339 1372 3410 ¹Nom

370 3475 482 3540 neque
500 3453 628 3538 semper
643 3463 693 3517 est
711 3453 970 3538 desperandum,
1013 3452 1150 3539 aliqui&
1162 3455 1248 3535 illis,
1288 3477 1372 3540 quae

371 3560 463 3626 dicta
478 3543 567 3642 sunt,
590 3561 708 3626 melias
722 3583 819 3647 posse
835 3561 988 3647 reperiri:
1011 3583 1121 3648 neque
1134 3563 1216 3626 adeo
1229 3561 1373 3650 jejunam

365 3659 411 3730 ¹ac
432 3693 609 3754 pauperem
627 3675 742 3754 nttnra
764 3669 988 3754 eloquentiam
1004 3671 1069 3734 feci
1094 3717 1103 3750 ‚
1136 3683 1174 3736 ut
1195 3693 1260 3733 unc
1280 3673 1322 3736 de
1339 3695 1373 3736 rc

371 3775 456 3839 bene
473 3777 540 3841 dici
558 3777 622 3842 nisi
640 3777 741 3868 semel
756 3798 822 3840 non
837 3779 951 3864 possit.
986 3777 1057 3842 ttisi
1072 3681 1158 3844 lorte
1171 3779 1372 3844 histrionum

376 3913 741 3944 ss—au-u---rn--u---n⁸

414 4000 440 4075 Ἴ
465 4001 592 4055 Platonis
614 4003 727 4076 quidem
752 3993 897 4074 Timacum
916 4012 945 4060 st
966 4003 1156 4074 Protagoram,
1180 4004 1373 4078 Xenophontis

462 4097 792 4174 autsn‘Oecouomicum.
