2890 4866
562 487 646 566 535

584 586 597 634 l

104 707 188 750 rare.
212 719 250 736 «-
273 719 314 738 -··
357 687 536 750 Commune
560 698 668 753 autem
688 698 899 774 praeceptum
920 687 984 752 hoo
1009 689 1106 776 datur

106 795 147 856 ad
163 796 459 874 enumerationem,
484 807 520 858 ut
540 819 578 858 ex
593 812 792 882 unaquaque
809 800 1131 882 argumentatione„

106 903 261 987 quoniam
283 905 496 992 tota'iternm
527 904 594 968 dici
622 927 688 968 non
714 917 843 990 potest,
884 905 1104 992 id'eligatur,
1133 937 1136 948 ·

106 1011 195 1094 quod
216 1013 277 1072 erit
298 1013 541 1095 gravissimum,
574 1024 607 1077 et
625 1015 886 1099 unumquodque
914 1037 1011 1100 quam
1031 1017 1114 1077 bre-s

105 1120 239 1180 vissime
259 1129 464 1199 transeatur,
496 1135 532 1186 ut
551 1113 724 1198 memoria,
739 1199 742 1209 Ἰ
759 1147 823 1186 non
848 1125 973 1201 oratio,
1007 1143 1106 1185 reno·

104 1237 179 1288 vata
201 1227 360 1291 videatur.
382 1263 422 1277 --
446 1265 483 1278 -
505 1263 547 1278 --
577 1231 779 1313 Indignatio
809 1243 859 1294 est
886 1233 1014 1309 oratio,
1047 1243 1128 1317 per‘

105 1337 433 1421 quamconlioitur,
463 1351 502 1401 ut
525 1339 559 1400 in
587 1341 727 1422 aliquem
760 1341 924 1439 bominem
953 1359 1105 1422 magnum

104 1449 216 1534 odium
227 1489 237 1524 ,
259 1457 315 1508 aut
333 1449 366 1512 in
387 1472 454 1511 rem
473 1451 578 1534 gravis
595 1450 732 1512 offensio
747 1451 943 1520 concitetur.
987 1453 1022 1512 ln
1041 1450 1105 1512 hoc

103 1577 222 1642 genere
243 1557 326 1618 illud
345 1555 486 1640 primum
506 1558 645 1640 intelligi
667 1551 838 1634 vol'nmus,
879 1581 970 1643 posse
999 1559 1107 1646 omni·

101 1666 164 1727 bus
188 1686 226 1754 ex
245 1665 325 1726 locis
346 1665 407 1742 iis,
440 1687 522 1748 quos
548 1665 581 1726 in
602 1665 819 1726 confirmandi
840 1666 1024 1748 praeceptis
1045 1688 1105 1748 po-
1150 1708 1155 1716 ι

104 1757 248 1848 suimus,
280 1772 412 1856 trnctari
438 1773 717 1855 indignationem
759 1792 833 1834 nam
855 1795 892 1834 ex
918 1771 959 1835 iis
985 1775 1102 1850 rebus,

104 1903 187 1965 quae
207 1880 354 1963 personis
375 1889 473 1963 atque
489 1880 627 1964 negotiis
644 1882 820 1951 attributae
840 1891 936 1957 sunt,
968 1879 1103 1965 quaevis

102 1987 373 2070 amplificationes
402 1993 435 2068 et
461 1989 704 2073 indignationes
734 1989 823 2050 nasci
852 2003 1006 2072 possunt:
1046 1989 1103 2050 sed

100 2103 210 2156 tamen
238 2117 294 2174 ea,
328 2117 412 2178 quae
440 2097 612 2180 separatim
637 2098 678 2158 de
706 2095 929 2178 indignatione
958 2095 1103 2180 praecipi

99 2197 554 2296 possunt‘,soonsideremus.
606 2203 734 2264 Primus
760 2204 853 2264 locus
889 2203 1031 2290 sumitur
1064 2205 1103 2262 ab

100 2313 284 2374 auctoritate
292 2357 304 2384 ‚
328 2306 429 2394 quum
447 2319 749 2390 commemoramus,
775 2323 917 2394 quantae
934 2331 1031 2372 curae
1050 2331 1102 2370 res
1192 2369 1195 2376 ,

100 2443 138 2483 ea
164 2421 263 2482 fuerit
290 2419 351 2480 aut'
371 2419 441 2480 Diis
467 2421 728 2499 immortalibus,
771 2430 828 2480 aut
858 2419 926 2497 eis,
963 2441 1104 2501 quorum
1170 2461 1176 2470 ι

99 2530 277 2591 auctoritas
295 2528 482 2611 gravissima
500 2530 616 2592 debeat
631 2551 709 2591 esse.
754 2530 818 2609 Qui
839 2530 931 2606 loeus
953 2537 1102 2590 sumetur

100 2654 140 2699 ex
160 2638 324 2715 sortibus,
349 2659 392 2724 eu¹
405 2638 546 2698 oraculis
558 2657 577 2722 ,ᾖ
590 2639 732 2715 vatibus,
756 2638 907 2714 ostentis,
930 2636 1100 2720 prodigiis,

97 2745 286 2826 responsis,
311 2747 529 2808 etsimilibus
549 2747 669 2823 rebus,
693 2745 770 2808 item
788 2765 826 2806 ex
846 2743 1020 2827 majoribus
1040 2765 1101 2805 no-

99 2854 198 2928 stris,
230 2853 379 2933 regibus,
413 2854 620 2930 civitatibus,
651 2853 822 2935 gentibus,
844 2853 1031 2913 bominibus
1053 2876 1097 2912 sa·

96 2958 334 3045 pientissimis,
377 2972 513 3038 senatu,
551 2958 692 3042 popul0,
732 2958 840 3041 legum
875 2960 1099 3042 scriptoribus.

96 3067 268 3132 Secundus
286 3065 377 3128 locus
395 3078 463 3144 est,
496 3069 691 3150 per'quem,
722 3065 776 3124 illa
797 3087 848 3127 res
864 3065 904 3126 ad
924 3089 1006 3148 quos
1024 3087 1100 3149 per-

98 3177 224 3251 tineat,
249 3195 323 3234 cum
340 3174 602 3255 amplificatione,
626 3195 685 3258 per
704 3173 965 3254 indignationem,
987 3182 1099 3234 osten-

97 3283 208 3358 ditur,
240 3303 280 3340 an
303 3281 341 3341 ad
359 3283 503 3358 omneis,
538 3305 578 3343 an
598 3281 639 3341 ad·
656 3281 809 3365 majorem
828 3291 985 3364 partem,
1009 3279 1098 3362 quod
1147 3269 1150 3274 i

99 3388 339 3450 atrocissimum
357 3399 424 3450 est:
458 3412 498 3448 an
520 3389 557 3449 ad
580 3389 785 3470 superiores,
820 3389 934 3470 quales
955 3398 1034 3450 sont
1052 3388 1096 3464 ii,

99 3521 240 3582 quorum
258 3521 295 3560 ex
317 3471 510 3559 auctoritsite
529 3496 711 3584 indignatio
733 3498 893 3573 sumitur,
909 3577 914 3586 ι
930 3481 1020 3580 quod
1045 3495 1098 3556 in-

98 3605 405 3692 dignissimumest:
438 3630 478 3666 an
500 3607 540 3666 ad
555 3607 661 3690 pareis
682 3607 811 3684 animo,
839 3607 991 3682 fortuna,
1017 3623 1097 3666 'cor-

98 3738 193 3798 pore,
219 3717 306 3798 quod
323 3715 565 3805 iniquissimum
586 3723 649 3776 est:
674 3738 713 3774 an
730 3716 769 3775 ad
788 3713 988 3792 inferiores,
1005 3713 1096 3797 quod

98 3825 364 3908 superbissimum
384 3835 441 3885 est.
471 3823 601 3885 Tertius
617 3823 709 3916 locus
726 3832 786 3898 est,
811 3845 868 3905 per
882 3845 978 3906 quem
994 3843 1094 3906 quae-

96 3931 217 4010 rimus‘,
256 3933 411 4015 quidnam
439 3933 481 4001 sit
509 3943 707 4004 eventurum,
742 3930 768 3992 si
792 3930 877 3999 idem
899 3931 1018 3993 caeteri
1044 3933 1093 3990 fa-

97 4039 203 4102 ciant:
236 4051 268 4102 et
290 4041 385 4100 simul
408 4040 628 4121 ostendimus,
659 4037 737 4101 huic
758 4040 787 4114 si¹
808 4062 1001 4100 conoessum
1026 4040 1090 4118 sit,

95 4149 216 4210 multos
245 4151 388 4211 aemulos
413 4148 557 4232 ‘ejusdcm
577 4148 731 4212 audaciae
754 4150 900 4210 futuros:
939 4169 977 4210 ex
1003 4169 1089 4232 quo,
