2814 4872
529 281 621 398 ass

76 525 130 580 tur.
150 550 192 566 -
213 551 257 568 ν-
280 549 326 568 —·
367 518 594 602 Comperabile
611 529 678 594 est„
701 517 791 602 quod
806 518 839 582 in
857 519 954 582 rebus
971 517 1075 582 diver·

78 625 113 685 sis
133 623 277 690 similem
302 625 447 710 aliquem
467 627 627 690 rationem
652 626 812 690 continet.
862 624 942 712 Ejus
964 639 1073 712 partes

81 762 440 779 mun—nnn

213 841 281 912 Quo
301 844 338 896 sit
356 861 446 896 amore
461 861 575 916 pareus,
596 862 652 916 quo
670 843 753 898 frater·
769 843 899 896 amandus
915 853 943 896 et
959 842 1073 916 hospes3

197 937 300 1008 ⁴Quod
319 939 356 992 sit
375 919 540 1011 conscripti,
562 941 637 1011 quod
656 937 907 1024 jtrdicis‘officirrm3
932 956 1004 1010 quae

210 1013 309 1086 Paries
329 1035 359 1086 in
376 1033 482 1087 bellum
501 1034 573 1086 missi
592 1033 683 1089 ducis:
703 1034 751 1090 ille
770 1033 893 1105 profecto

182 1125 186 1136 '
211 1127 344 1180 Reddere
364 1145 493 1200 personae
512 1130 564 1182 scit
583 1127 777 1186 convenientia
796 1129 906 1198 cuique.

211 1217 363 1293 Respicere
384 1225 523 1294 exemplar
542 1225 614 1278 vitae
632 1239 796 1299 morumque
813 1221 918 1290 jubebo

210 1317 340 1374 Doctum
357 1319 538 1385 imitatorem,
559 1329 681 1376 etseras
699 1319 765 1372 hinc
784 1318 889 1370 ducere
907 1331 997 1372 voces.
1066 1361 1067 1364 η
1095 1342 1098 1347 ·

848 1413 893 1486 (v.
911 1411 964 1484 ³09
981 1407 1076 1485 sestt)
1196 1471 1199 1486 ,

332 1578 433 1631 Cicero
451 1578 505 1649 (de
524 1577 617 1631 officiis
627 1558 654 1630 l.
673 1580 695 1630 1.
715 1595 738 1630 c.
759 1575 821 1647 34)

203 1694 241 1747 Et
267 1697 402 1768 quoniam
431 1695 518 1748 officia
547 1715 604 1748 uon
633 1697 729 1750 eadem
759 1695 911 1769 disparibus
939 1691 1076 1748 aetatibus

153 1788 338 1855 tribuuntur,
367 1785 478 1863 aliaque
503 1802 568 1844 sunt
593 1793 746 1868 juvenum,
773 1793 827 1843 alia
847 1792 999 1846 seniorum:
1026 1790 1078 1842 eli·

154 1884 221 1954 quid
240 1886 327 1938 etiam
347 1885 381 1939 de
403 1886 454 1938 hac
473 1887 650 1940 distinctione
674 1887 823 1940 dicendum
842 1897 891 1942 est.
927 1887 976 1938 Est
994 1886 1077 1954 igitur

154 1977 358 2044 adolescentis,
393 1982 507 2047 mojores
537 1992 605 2033 netu
634 1973 736 2045 vereri,
763 1999 855 2050 exque
885 1979 927 2032 his
956 1979 1076 2046 deligere

154 2071 270 2142 optimos
294 2085 323 2128 et
338 2075 556 2146 probatissimos,
584 2093 702 2146 quorum
717 2075 839 2146 'consilio
856 2083 940 2146 etque
957 2073 1077 2127 auctori·

81 2235 84 2246 1
153 2173 209 2220 tate
230 2171 350 2223 nitatur.
395 2171 521 2223 Ineuntis
545 2169 617 2222 enirn
641 2169 738 2222 aetatis
759 2169 869 2223 inscitia
890 2187 987 2223 senum
1010 2185 1078 2220 con·

153 2261 301 2316 stituenda
324 2273 353 2317 et
369 2264 487 2332 regenda
508 2264 656 2336 prudentia
679 2273 727 2316 est.
763 2263 883 2316 Maxime
898 2273 991 2316 autem
1006 2261 1077 2316 haec
1100 2285 1107 2302 ·

154 2366 226 2434 eletas
256 2377 279 2411 a
301 2353 463 2410 lihidinibus
485 2358 602 2411 arcenda
627 2367 667 2411 est
693 2357 903 2428 exercendaque
930 2358 958 2411 in
981 2357 1076 2410 labore

153 2453 347 2523 patientiaque
367 2455 395 2508 et
414 2453 497 2506 animi
520 2463 549 2506 et
564 2455 696 2524 corporis,
719 2462 857 2514 uteorum
877 2463 905 2506 et
921 2453 950 2506 in
967 2450 1076 2506 bellicis

157 2555 184 2598 es
200 2547 229 2600 in
251 2547 383 2600 mutus
404 2547 496 2602 ouem
516 2549 607 2617 vigeat
623 2528 766 2602 timon.
801 2550 897 2620 itque,
914 2547 996 2602 esum
1014 2563 1077 2600 cum

156 2641 283 2696 relaxare
307 2642 410 2698 animos
436 2653 464 2696 ct
487 2643 552 2696 dare
573 2661 602 2698 se
624 2643 929 2713 jucunditati'volent‚
959 2649 1097 2696 caveantv

156 2733 416 2809 intemperantiam,
455 2741 630 2794 meminerint
662 2740 862 2808 verecundiae3
906 2739 983 2810 quod
1026 2739 1078 2792 erit

158 2831 286 2898 facilius,
313 2834 335 2885 si
354 2834 487 2902 ejusmodi
507 2835 589 2890 rebus
612 2837 725 2903 majores
746 2845 814 2887 natu
829 2835 961 2888 interesse
979 2833 1076 2888 velint.

161 2927 279 3005 Senibus
300 2940 392 2983 autem
415 2929 522 2983 labores
543 2931 667 3002 corporis,
678 2929 839 2994 minuendi,
867 2930 1078 2982 exercitationes
1159 2924 1162 2933 ¹

162 3024 244 3076 animi
260 3025 342 3078 etiam
358 3027 500 3094 augendae
515 3025 660 3093 videntur,
689 3025 780 3081 danda
794 3029 857 3077 vero
874 3041 972 3094 opera,
1000 3031 1033 3074 ut
1049 3030 1079 3075 et

162 3120 277 3185 amieos,
306 3131 334 3174 et
350 3123 542 3188 juventutem,
569 3131 597 3174 et
616 3122 732 3174 niaxime
748 3119 946 3194 rempublicam
962 3117 1077 3172 consilio

163 3222 191 3264 et
218 3216 365 3288 prudentia
394 3235 476 3287 quam
509 3215 656 3287 plurimum
690 3216 828 3284 adjuvent.
874 3213 949 3268 Nihil
985 3221 1078 3264 autem

163 3312 245 3376 magis
271 3311 424 3364 cavendum
455 3321 496 3364 est
527 3311 681 3374 senectuti,
716 3329 799 3381 quarn
827 3327 862 3388 ue
893 3307 1017 3375 languori
1048 3324 1078 3362 sa

163 3402 339 3477 desidiaeque
355 3407 446 3460 dedat.
457 3419 471 3463 ,·
483 3407 604 3460 Luxuria
617 3424 681 3460 vero
697 3424 782 3480 quum
797 3406 870 3458 omni
882 3405 966 3458 aetati
980 3399 1076 3474 tur'pit,

164 3505 221 3566 tum
239 3502 376 3554 senectuti
393 3501 545 3556 foedissima
565 3510 612 3556 est.
652 3502 810 3554 sinautem
828 3500 975 3554 libidinum
994 3499 1078 3552 etiam

165 3593 375 3668 intemperantis
402 3599 563 3657 accesserit,
594 3598 702 3672 sluplex
724 3597 827 3648 mulum
854 3605 912 3661 est;
947 3595 1022 3666 quod
1049 3603 1079 3650 ot

165 3687 219 3758 ipsa
242 3703 370 3745 senectus
394 3691 517 3764 concipit¹
545 3691 681 3756 dedecus,
716 3701 744 3744 ot
771 3691 838 3742 lacit
860 3689 1078 3744 adolescentium

165 3783 393 3858 impudentiorem
419 3787 666 3858 intemperantiam.
715 3783 755 3838 Ac
793 3803 828 3838 ne
862 3785 935 3839 illud
966 3785 1079 3856 quidem

167 3880 286 3938 alienum
311 3893 368 3946 est,
395 3883 430 3938 de
456 3883 681 3948 magistratuum,
710 3880 745 3934 de
772 3861 938 3954 privatorum
959 3882 1077 3944 civium,

168 3975 200 4030 de
211 3980 414 4051 peregrinorum
430 3977 523 4034 officiis
538 3977 638 4034 dicere.
670 3977 719 4032 Est
733 3974 815 4048 igitur
829 3978 966 4054 proprium
979 3994 1079 4032 munus
1095 4043 1098 4052 .

738 4187 844 4214 ⁴¹!
