2902 4866
524 399 604 476 dssl

59 598 192 664 saeculi
213 597 380 688 squalore,
397 607 483 662 tum
508 608 621 662 noster
645 597 833 665 hlczcultus
858 595 979 662 clarius
998 601 1067 665 eni·
1145 625 1147 634 ·

57 713 194 788 tescet)
217 715 250 769 et
269 727 392 783 novos,
417 705 535 790 quibus
558 715 591 766 et
615 705 694 789 ipsis
716 705 817 768 multu
837 707 943 770 virtus
962 708 1066 770 adest.
1101 775 1103 782 ,

57 817 180 898 Neque
204 814 291 876 enim
311 835 370 876 nos
397 795 558 874 tarditatis
586 825 706 876 nutura
727 813 912 892 damnavit,
943 814 1000 878 sed
1022 815 1069 878 di·

60 922 167 986 cendi
185 921 381 982 mutavimus
402 941 526 1004 genus,
557 932 591 983 et
611 921 698 984 ultre
716 921 828 1000 nobis,
862 943 961 1006 quum
980 945 1070 1008 opor·

58 1031 179 1110 tebat,
201 1028 413 1092 indulsimus:
437 1030 482 1091 itu
504 1051 570 1090 nou
587 1039 653 1090 tam
674 1028 813 1112 ingenio.
828 1029 877 1090 illi
901 1052 960 1092 nos
977 1033 1092 1114 supe-³

59 1147 204 1214 rerunt,
226 1159 324 1220 quern
346 1136 536 1222 propositu-
567 1136 671 1199 Multo
696 1135 911 1220 ergolicebit
936 1137 1069 1223 eligeret

58 1244 129 1306 -sed
153 1244 334 1309 curandum
360 1243 440 1320 erit,
483 1263 524 1304 ne
548 1242 608 1322 iis,
642 1242 760 1325 quibus
785 1244 944 1325 permixta
971 1253 1070 1321 sunt,

61 1351 296 1434 inquinentur.
341 1350 507 1430 Quosdam
532 1371 610 1411 vero
641 1347 758 1425 etiam,
789 1371 870 1431 quos
892 1358 979 1414 totos
1002 1350 1073 1413 imi·
1184 1411 1187 1420 ,

61 1458 134 1522 tari
155 1467 325 1540 oporteat,
348 1464 381 1518 et
397 1457 499 1522 fuisse
520 1474 648 1536 nuper,
672 1465 705 1516 ot
724 1475 817 1516 nunc·
832 1477 921 1534 esse,
955 1458 1072 1539 quidni

64 1566 214 1630 libenter
244 1582 309 1622 non
335 1559 556 1622 concesserim
581 1557 698 1637 modo,
731 1563 967 1625 verumetiam
992 1586 1074 1626 con·

67 1669 256 1734 tenderim?
276 1667 339 1730 Sed
354 1667 389 1746 ii,
406 1667 462 1750 qui
479 1667 558 1745 sint,
582 1689 648 1728 non
666 1664 826 1751 cujusque
843 1677 905 1746 est,
927 1692 1073 1753 pronun·

70 1780 173 1842 ciere.
215 1777 334 1839 Tutius
348 1775 436 1838 circa
455 1774 580 1858 priores
594 1774 647 1838 vel
667 1771 811 1850 erratum
835 1775 974 1862 ideoque
987 1779 1073 1844 huno

71 1907 237 1950 novorum
272 1883 386 1960 distuli
423 1883 622 1960 lectionem,
667 1905 708 1947 ne
738 1884 879 1948 imitatio
911 1877 1073 1970 judicirim

70 1991 298 2082 antecederet.
931 1999 934 2006 “

431 2157 432 2162 '
514 2181 539 2264 s·
580 2147 649 2270 εὶ..

77 2319 109 2394 c)
144 2315 192 2412 lle
210 2311 411 2378 observande
426 2313 460 2392 ln
477 2311 663 2390 erudiendis
683 2309 853 2399 discipulis
867 2309 1073 2400 ingeniorum

492 2419 661 2484 varietate.
679 2493 688 2520 x

402 2611 519 2678 Quintil.
554 2608 566 2680 ζ
575 2605 644 2664 ibid.
665 2626 688 2664 c.
708 2603 754 2682 8.)
785 2638 787 2644 ·

160 2733 274 2802 Virtus
310 2739 530 2822 praeceptoris
565 2739 677 2808 haberi
712 2739 815 2816 solet,
868 2760 929 2804 nce
959 2740 1094 2806 imme·-

76 2845 158 2922 rito,
192 2827 366 2928 diligenter
389 2845 423 2906 in
454 2846 514 2924 iis,
551 2837 633 2930 quoe
660 2846 853 2912 erudiendos
877 2851 1073 2934 susceperit,

78 2963 192 3016 notare
228 2952 416 3014 discrimina
448 2953 670 3036 ingeniorum,
715 2961 769 3030 et,
807 2975 873 3036 quo
909 2977 1073 3040 quemque

79 3070 195 3122 natura
220 3061 355 3121 maxime
380 3061 483 3138 ferat,
514 3059 609 3123 scire.
650 3061 731 3122 Nam
754 3069 801 3120 est
826 3061 859 3121 in
885 3061 1074 3128 hocincre-

79 3167 187 3229 dibilis
216 3168 372 3249 quaedam
402 3167 561 3246 varietas,
596 3187 657 3230 nec
689 3167 859 3251 pauciores
891 3170 1072 3235 animorum

78 3297 199 3360 paene,
239 3297 336 3356 quam
373 3296 567 3357 corporum,
605 3277 738 3344 formae.
793 3276 889 3356 Quod
930 3277 1073 3362 intelligi

4 3399 6 3406 '
80 3383 178 3445 etium
206 3403 245 3444 ex
269 3381 349 3466 ipsis
378 3383 559 3446 oratoribus
587 3391 717 3466 potest,
752 3365 810 3466 qui
834 3393 962 3446 tantum
985 3385 1073 3448 inter

80 3509 115 3550 sc
134 3488 258 3551 distant
276 3511 393 3571 genere
412 3489 563 3566 dicendi,
587 3498 624 3550 ut
644 3511 739 3552 nemo
761 3490 803 3550 sit
822 3491 915 3554 alteri
937 3491 1070 3554 similist

81 3598 227 3677 quamvis
263 3592 394 3677 plurimi
429 3619 463 3659 se
501 3598 541 3658 ed
573 3620 706 3677 eorum,
749 3618 830 3681 quos
867 3599 1070 3682 probabant,

80 3702 294 3766 imitationem
315 3705 600 3790 [composuerinu
632 3704 719 3768 Utile
753 3705 869 3768 deinde
904 3707 1071 3790 plerisque

80 3810 185 3873 visum
205 3820 254 3872 est
274 3811 319 3872 ita
339 3832 502 3895 quemque
521 3810 711 3890 instituere,
732 3821 769 3874 ut
786 3810 916 3895 propria
934 3823 1070 3875 noturus

80 3919 165 3982 bono
182 3917 332 3982 doctrina
353 3921 520 3996 foverent,
543 3933 575 3985 ot
594 3919 628 3981 in
649 3919 1070 4006 idpotirsimumipgeuio,

828 4029 870 4094 tt
