2844 4874
766 475 841 558 lt,
931 411 934 430 ·

292 682 397 767 prima
414 677 469 741 frit
495 678 600 741 virtus
626 660 864 762 perspicuitas,
894 677 1025 760 propria
1041 677 1159 754 verba,
1181 673 1294 741 rectus

293 789 393 866 ordo,
420 787 488 850 non
511 787 545 848 in
569 787 704 870 longum
725 785 826 848 dilata
849 785 1041 862 conclusio,
1080 785 1163 847 nibil
1187 808 1297 869 neque

182 897 186 916 ⁴
293 897 395 976 defit,
427 885 534 980 neque
556 894 745 979 superfluat.
788 895 837 956 lta
862 915 968 956 sermo
993 903 1025 956 et
1047 893 1153 956 doctis
1176 895 1299 977 proba-

291 1006 391 1084 bilis,
430 1014 464 1068 et
487 1005 604 1088 planus
635 1002 795 1086 imperitis
826 1002 897 1065 erit.
940 1005 1028 1066 Haec
1060 1014 1109 1066 est
1137 1002 1298 1086 loquendi

143 1103 150 1120 “
222 1127 227 1134 ·
293 1114 488 1176 observatio.
531 1114 613 1202 llum
632 1133 743 1173 rerum
763 1099 981 1194 perspiduitas
1000 1103 1066 1199 quo
1087 1109 1182 1171 modo
1201 1131 1302 1194 prae-

293 1223 408 1284 standa
428 1222 489 1296 sit,
524 1220 663 1281 diximus
688 1218 722 1278 in
744 1219 927 1304 praeceptis
952 1219 1146 1281 narrationis
1163 1219 1200 1297 *).
1243 1220 1299 1280 si-

293 1330 380 1392 milis
412 1341 521 1391 autem
551 1329 634 1390 ratio
667 1339 716 1390 est
747 1327 782 1387 in
811 1329 971 1388 omnibus.
1022 1329 1103 1388 Nam
1131 1327 1159 1388 si
1187 1347 1301 1408 neque

292 1438 447 1523 pauciora
459 1459 599 1522 ,...qua1n
618 1445 771 1519 oportet,
803 1457 911 1518 neque
929 1436 1043 1518 plura,
1075 1457 1186 1518 ¹neque
1207 1435 1302 1498 inor-

281 1545 422 1622 dinata,
454 1554 511 1605 ant
538 1530 695 1606 instincta
717 1543 913 1621 dixerimus,
950 1553 1046 1606 erunt
1067 1543 1232 1620 dilucida,
1265 1553 1303 1606 et

293 1654 496 1736 negligenter
511 1673 646 1735 quoque
661 1651 872 1714 audientibus
889 1656 1018 1734 aperta':
1041 1651 1119 1734 quia
1138 1651 1172 1714 id
1190 1652 1303 1736 ipsum
1336 1666 1341 1674 '

196 1815 199 1822 .
292 1762 327 1823 ἱ11
343 1761 481 1824 consilio
498 1771 549 1822 est
563 1759 771 1836 habendum,
795 1779 861 1822 uon
879 1781 1006 1842 semper
1020 1770 1086 1821 tam
1100 1758 1172 1822 esse
1189 1781 1303 1825 acrem

290 1867 412 1956 judicis
441 1867 681 1946 intentionem,
723 1878 760 1930 ut
786 1865 1022 1928 obscuritatem
1052 1867 1139 1951 apud
1166 1889 1201 1930 se
1228 1869 1302 1952 ipse

291 1977 475 2054 discutiat,
502 1997 541 2037 ne
570 1975 714 2062 tenebris
742 1974 900 2036 orationis
923 1975 1043 2048 inierat
1060 1977 1224 2058 quoddam
1245 1976 1303 2038 in-

292 2083 494 2168 telligentiae
520 2105 598 2146 suae
625 2083 756 2157 lumen;
788 2082 845 2145 sed
873 2083 985 2144 multis
1005 2103 1081 2144 eum
1105 2084 1304 2167 frequenter

292 2193 547 2276 cogitationibus
566 2191 721 2268 avocari,
756 2190 906 2269 nisitam
929 2191 1016 2252 clara
1036 2181 1180 2270 luerint,
1212 2215 1302 2275 quae

292 2300 439 2363 dicemus
452 2313 472 2380 ,⁴
485 2310 522 2362 nt
542 2301 576 2362 in
598 2282 743 2360 animum
759 2297 828 2382 ejus
848 2299 974 2374 oratio,
999 2309 1035 2359 ut
1053 2298 1102 2373 sol
1120 2299 1155 2362 in
1173 2299 1303 2378 oculos,

129 2407 131 2415 ¹
179 2470 183 2485 ,
292 2409 392 2470 etiam
418 2408 445 2468 si
476 2408 509 2468 in
543 2429 612 2469 eam
640 2428 706 2466 non
734 2405 944 2484 intendatur,
977 2406 1136 2466 incurrat.
1187 2409 1302 2485 Quare

292 2535 359 2576 uon
389 2523 427 2574 ut
447 2514 631 2594 intelligere
654 2512 780 2595 possit,
815 2511 871 2574 sed
891 2535 932 2576 ne
952 2515 1088 2574 omnino
1107 2514 1211 2598 possit
1228 2536 1301 2579 uon

291 2613 500 2706 intelligere,
531 2620 724 2682 curandum.
767 2622 908 2704 Propter
935 2621 1024 2710 quod
1054 2623 1151 2684 etium
1174 2626 1302 2707 repet?-

291 2752 363 2792 mus
387 2751 501 2814 saepe,
536 2751 619 2812 quae
644 2751 710 2791 non
732 2728 811 2792 satis
828 2729 1013 2814 percepisse
1037 2749 1115 2810 eos,
1148 2731 1301 2818 quicog-

291 2847 454 2917 noscunt,
485 2849 648 2921 putamus.
699 2841 799 2918 (lust.
823 2858 870 2898 or.
889 2838 911 2898 l.
934 2839 1018 2901 Vlll.
1044 2861 1071 2900 c.
1093 2843 1154 2918 2.)'

352 2946 448 3026 (Alia
472 2947 633 3008 nonnulla
660 2945 865 3020 elocutionis,
884 2946 983 3024 vitiu,
1029 2969 1113 3030 quae
1142 2946 1298 3033 inprimis

294 3055 473 3120 Urbanitnti
496 3052 660 3129 contraria
683 3063 771 3119 sunt.
821 3031 869 3120 De
889 3055 941 3116 his
957 3056 1129 3138 sequentia
1146 3055 1297 3139 adscrip-

252 3220 253 3228 ,
292 3164 374 3226 sisse
400 3161 570 3256 sufficiat).

375 3473 418 3528 bis
442 3474 550 3529 usitatio
572 3489 605 3526 sc
628 3469 737 3544 proprie
754 3463 1004 3528 demonstrantibus*
1023 3489 1072 3538 ea,
1099 3487 1172 3544 quae
1188 3470 1294 3543 signifi-

375 3570 431 3623 cari
451 3585 484 3622 ac
506 3568 639 3624 declarari
660 3567 801 3626 volemus.
830 3569 888 3621 siue
909 3552 1144 3640 ambiguo-vedio
1164 3576 1214 3620 sut
1234 3585 1293 3620 ser·
1315 3569 1318 3583 ¹

375 3681 467 3729 mone,
487 3683 542 3716 non
557 3664 636 3717 nimis
651 3665 731 3732 longa
747 3664 954 3718 continuatione
967 3664 1120 3728 verborum,
1141 3679 1196 3714 nou
1207 3661 1291 3717 vuldc

375 3759 515 3831 productis
531 3761 578 3824 iis,
598 3775 670 3830 quae
684 3760 871 3814 similitudinis
886 3777 968 3820 eausa
984 3773 1019 3813 er
1033 3759 1094 3812 aliis
1107 3758 1188 3811 rebus
1201 3767 1291 3811 trans·

374 3853 515 3920 feruntur,
536 3871 591 3908 nou
611 3853 752 3926 discerptis
771 3856 928 3921 sententiis,
949 3868 1004 3908 nou
1022 3854 1200 3924 praeposteris
1218 3863 1290 3906 tem-

300 3965 302 3974 *
358 3949 503 4020 poribus,
533 3966 587 4001 uon
611 3950 732 4002 confusis
754 3953 891 4020 personis,
919 3969 975 4004 uon
998 3948 1157 4020 perturbato
1181 3949 1287 4002 ordine

375 4042 463 4115 (Ibid.
485 4043 504 4098 l.
528 4047 578 4096 Ill.
601 4061 624 4098 c.
653 4045 712 4115 13.)
747 4044 795 4098 Gl.
809 4047 852 4100 De
874 4047 964 4118 partit
984 4061 1021 4098 or.
1047 4059 1070 4098 c.
1090 4047 1138 4100 VI.
1164 4043 1185 4115 §.
1211 4059 1249 4154 19

322 4119 680 4207 *)t‡1vc....2§36
803 4147 807 4156 '
879 4150 882 4156 '
1090 4162 1093 4171 ’
