2888 4876
784 264 840 342 aa
921 326 968 380 V.

755 463 780 549 ς.
823 473 873 536 15,

564 583 611 646 Dc
633 593 724 646 recta
747 581 919 644 nominum
941 579 1076 648 ratione.

481 723 571 778 Plato.
606 725 661 796 (lu
681 725 789 792 Crotyl.
807 743 835 796 p.
854 697 906 780 aio
924 743 1001 798 seqq.
1022 691 1158 798 cdessipd
1189 795 1191 801 q
1228 681 1232 688 1

377 849 487 916 Herm.
529 853 703 936 Κρατύλος
722 851 826 936 φησὶν
846 850 922 926 ὅδε,
944 850 968 914 d
986 851 1176 937 Σώκρατες,
1199 853 1319 934 ὀνόμα·

282 941 283 950 ¹
315 981 374 1035 τος
403 961 577 1044 ὀρθότητα
603 958 692 1024 εἶναι
717 959 849 1042 ἑκάστῳ
870 961 940 1022 τῶν
960 959 1070 1025 ὄντων
1094 958 1198 1040 φύσει
1215 972 1321 1044 πεφν-

315 1095 669 1120 m

403 1145 486 1240 ceps,
518 1185 615 1240 parens
637 1184 745 1231 rerum,
778 1161 983 1238 fabricatorque
1009 1165 1105 1219 mundi
1131 1167 1211 1220 nullo
1237 1169 1322 1237 magia

399 1263 541 1318 hominem
550 1249 690 1334 'separarit
704 1280 721 1314 a
735 1263 843 1327 ceteris,
863 1279 936 1333 quae
951 1262 1063 1335 quidem
1079 1263 1320 1330 mortnliaessent,

385 1365 387 1370 '
400 1357 575 1422 animalibus,
594 1375 676 1429 quam
692 1355 804 1410 dicendi
818 1356 960 1412 facultate.
997 1357 1067 1410 Nam
1081 1374 1193 1429 corpora
1206 1359 1323 1430 quidem

399 1452 607 1522 magnitudine,
640 1450 761 1516 viribus,
796 1451 942 1516 firmitate,
982 1453 1134 1524 patientia,
1171 1453 1322 1507 velocitate

402 1545 599 1620 praestantiora
617 1545 645 1597 in
664 1545 720 1598 illis
737 1547 819 1599 mutis
838 1547 978 1602 videmus:
1006 1547 1101 1600 eadem
1126 1548 1215 1603 minus
1241 1563 1322 1616 egere

335 1645 338 1654 '
402 1643 556 1715 acquisitae
573 1641 742 1694 extrinsecus
760 1641 827 1712 opis·
864 1641 933 1693 Nam
947 1641 1055 1714 (ingredi
1075 1639 1171 1706 citius,
1191 1650 1220 1696 et
1232 1643 1320 1713 pasci,

403 1746 433 1790 et
456 1745 563 1790 tranare
589 1755 691 1808 aquas,
727 1737 795 1790 citra
820 1737 985 1802 docentem,
1019 1746 1117 1790 natura
1140 1740 1200 1809 ipsa
1220 1739 1321 1791 sciunt

307 1881 310 1888 ‚
402 1832 440 1884 Et
461 1831 594 1903 pleraque
620 1839 715 1886 contra
739 1831 821 1899 frigus
840 1847 875 1884 cx
894 1849 944 1884 suo
962 1846 1074 1903 corpore
1092 1833 1264 1897 vestiuntur,
1293 1843 1323 1886 et

402 1943 477 1980 arma
508 1926 549 1979 his
574 1926 699 2000 ingenita
720 1925 875 1998 quaedam,
909 1935 938 1979 et
963 1943 997 1980 cx
1022 1925 1103 1980 obvio
1131 1929 1188 1982 fere
1215 1929 1322 1981 victus:

403 2023 477 2077 circa
502 2039 574 2094 quae
605 2017 696 2074 omnia
727 2019 832 2074 multus
860 2019 1017 2075 hominibus
1041 2021 1127 2077 labor.
1177 2023 1337 2088 Rationem,

279 2149 307 2166 .-
337 2139 340 2144 ·
369 2179 373 2196 Ι
401 2120 485 2189 igitur
503 2117 679 2190 praecipuam
698 2115 793 2181 dedit,
814 2118 929 2189 ejusque
943 2135 993 2170 nos
1006 2119 1094 2171 socios
1111 2137 1169 2172 esse
1187 2131 1251 2174 cunr
1269 2118 1323 2172 diis

399 2203 601 2268 immortilibus
618 2213 716 2270 voluit.
753 2210 970 2286 seripserunt
988 2230 1081 2286 neque
1099 2223 1155 2266 tam
1173 2231 1223 2266 nos
1242 2213 1324 2280 juva-

400 2319 460 2378 ret,
480 2325 572 2383 neque
591 2316 647 2364 tam
666 2315 739 2363 esset
755 2303 785 2359 in
802 2307 881 2360 nobis
899 2307 1057 2372 manifesta,
1077 2307 1143 2372 nisi,
1163 2325 1236 2381 quae
1253 2325 1323 2362 oon-⁴

265 2399 296 2424 '²
400 2398 569 2476 cupissemus
593 2393 703 2470 mente',
738 2418 861 2473 promere
887 2403 970 2456 ctiam
996 2402 1137 2475 loquendo
1164 2417 1320 2474 possemus:

401 2493 478 2572 quod
496 2499 579 2566 magis
598 2498 693 2552 deesse
712 2489 810 2550 ceteris
829 2489 1009 2562 animalibus,
1043 2516 1125 2570 quam
1143 2498 1322 2551 intellectum

240 2575 245 2592 x
272 2615 301 2646 ,υ
400 2602 432 2648 et
455 2593 649 2662 cogitationem
669 2591 807 2666 quandam
825 2592 969 2646 ridemus..
999 2591 1068 2644 Nam
1087 2602 1116 2646 et
1133 2594 1222 2646 moliri
1240 2593 1322 2646 cubi-

284 2691 307 2738 ἓ.
399 2689 456 2754 lia,
489 2696 519 2742 et
535 2685 613 2740 nidor
632 2695 800 2752 texerc,=ct
818 2685 938 2740 educare
955 2685 1064 2752 foetur,
1098 2696 1126 2741 et
1151 2687 1320 2754 excludere,

401 2783 472 2857 quin
489 2785 572 2836 ctiam
590 2798 721 2855 reponere
738 2783 769 2834 in
786 2780 903 2839 hiemem
922 2781 1069 2848 alimenta,
1090 2801 1171 2856 opera
1182 2783 1321 2856 quaedam

399 2877 480 2934 nobis
493 2876 677 2942 inimitabilia,
697 2875 792 2950 qualia
810 2885 876 2931 sunt
893 2893 1015 2930 cerarum
1035 2887 1063 2930 et
1081 2879 1181 2944 mellis,
1202 2877 1319 2945 efficere,

400 2973 563 3027 nonnullius
581 2954 693 3026 fortasse
710 2973 823 3026 rationis
843 2982 898 3026 ert:
925 2971 974 3028 sed
994 2974 1060 3046 quin
1074 2983 1167 3028 carent
1180 2993 1319 3038 sermone,

401 3085 474 3142 quac
492 3067 522 3120 id
540 3069 663 3134 fuciunt,
682 3078 760 3122 muta
773 3079 859 3140 atque
872 3068 1069 3122 irrationabilia
1084 3079 1224 3124 vocantur.
1262 3071 1321 3124 De-

365 3205 369 3212 .
398 3164 486 3236 nique
503 3163 645 3230 homines,
666 3163 767 3235 quibus
785 3168 884 3232 negata
902 3181 955 3218 vox
974 3173 1032 3234 est,
1053 3165 1219 3236 quantulum
1238 3163 1321 3232 aeliu-s

329 3295 333 3300 =
400 3269 449 3315 rat
467 3259 572 3312 animus
590 3259 639 3312 ille
659 3257 805 3312 coelestis?
842 3259 934 3330 Quare
958 3259 981 3311 si
1002 3259 1073 3311 nihil
1092 3261 1176 3312 odiis
1195 3259 1320 3312 oratione

400 3352 500 3408 melius
519 3354 692 3426 accepimus,
713 3355 781 3426 quid
799 3363 854 3406 tarn
873 3355 985 3422 dignum
1004 3355 1083 3408 cultu
1103 3372 1134 3408 ac
1153 3354 1247 3406 laboro
1266 3355 1320 3406 ‹tu-

402 3449 517 3502 carnus?
542 3451 637 3503 autin
656 3465 712 3520 qno
730 3449 855 3503 malimus
873 3460 1011 3520 praestare
1028 3449 1203 3513 hominibus,
1235 3467 1319 3520 quam

355 3613 358 3622 y
402 3560 460 3614 quo
476 3543 528 3616 ipsi
546 3543 670 3600 homines
689 3546 786 3598 ceteris
804 3543 967 3599 animalibus
992 3544 1153 3618 praestant?
1189 3544 1229 3596 Eo
1256 3544 1321 3614 qui-

402 3635 467 3690 dem
485 3642 584 3708 magis,
617 3641 693 3712 quod
718 3641 797 3694 nulla
821 3642 850 3692 in
874 3651 952 3712 parte
976 3642 1085 3713 plenius
1109 3639 1188 3692 labor
1205 3639 1320 3708 gratiam

402 3731 493 3785 refert.
529 3735 562 3786 Id
581 3735 651 3788 adeo
669 3735 844 3810 manifestum
863 3735 932 3808 orit,
958 3737 980 3788 si
998 3736 1221 3804 cogitaverimus,
1243 3735 1319 3788 unde

405 3833 434 3878 et
452 3845 597 3901 quousque
615 3831 669 3900 jam
689 3839 817 3902 provecta
837 3830 874 3883 sit
892 3830 988 3882 orandi
1009 3830 1135 3886 facultas,
1172 3829 1207 3882 Et
1225 3827 1319 3881 adhuc

404 3923 495 4012 qugeri
506 3931 631 3997 potest.»
657 3923 771 4001 (Quint.
788 3925 856 3980 lust.
871 3933 937 3978 orat.
952 3923 970 3980 l.
986 3925 1024 3980 11.
1042 3939 1065 3978 c.
1084 3926 1123 3977 16.
1139 3926 1161 3990 5.
1179 3940 1209 3976 ra
1222 3921 1320 3996 seqq.)
