2890 4866
404 367 406 377 ’
503 389 640 490 'ara

105 614 207 692 estu.
253 614 373 698 Aperta
398 614 541 677 narratio
566 614 689 700 poterit
709 635 798 693 esse,
836 615 864 677 si
890 627 928 680 ut
953 615 1101 701 quidque
1152 689 1158 697 ¹

103 723 242 808 primum
262 731 388 806 gestum
413 721 492 801 erit,
515 722 561 814 ita
578 723 718 806 primum
740 735 921 806 exponetur
940 734 972 785 et
991 725 1102 787 rerunt

85 835 143 922 ‘ac‘
160 839 342 916 temporum
364 829 444 892 ordo
467 831 665 908 servabitur,
688 841 744 910 ut
762 829 821 894 ita'
836 843 1028 909 narrentur,
1063 841 1102 894 ut

103 947 209 1021 gestae
236 933 301 999 res‘
320 950 436 1015 erunt,
465 950 528 1001 ‘aut
552 950 589 1001 ut
621 939 767 1023 potuisse
794 940 875 1023 geri
891 941 1100 1028 videbuntur.

101 1046 161 1108 Hic
182 1045 456 1114 considerandum
479 1047 552 1123 erit,
577 1070 618 1110 ne
634 1048 714 1132 quid
736 1043 934 1132 perturbate,
959 1047 1101 1132 nequid
1188 1029 1195 1034 .

102 1165 252 1218 contorte
270 1154 416 1232 dicatur,
446 1176 488 1219 ne
510 1177 608 1238 quem
629 1156 664 1218 in
689 1157 785 1218 aliam
805 1151 873 1220 r'em
897 1168 1100 1238 transeatur,

65 1304 70 1314 x
101 1284 141 1324 ne
159 1262 200 1324 ab
222 1262 339 1325 ultimo
358 1273 547 1346 repetatur,
582 1265 684 1326 need
705 1275 885 1327 extremum
906 1265 1101 1349 prodeatur,
1138 1279 1141 1284 ·

100 1389 142 1433 ne
168 1369 269 1453 quid,
303 1370 393 1454 quod
420 1370 548 1433 adrem
569 1373 754 1456 pertinent,
786 1382 1032 1455 praetereatur,
1069 1384 1103 1437 et
1136 1375 1139 1380 ’
1206 1379 1212 1388 “

100 1477 254 1554 omnino',
286 1500 369 1562 quae
388 1487 561 1563 praecepta
580 1479 620 1542 de
638 1479 797 1544 brevitate
815 1493 912 1559 sunt,
943 1479 1006 1544 boc
1024 1502 1104 1564 quo·
1259 1459 1262 1469 ¹

100 1573 220 1669 quein
243 1607 359 1669 genere
376 1597 452 1648 sunt
475 1586 707 1649 conservande.
749 1589 830 1648 Nam
859 1610 955 1670 saepe
978 1610 1030 1651 res
1052 1598 1102 1652 eet

97 1715 212 1777 parum
231 1693 398 1756 intellecta
412 1691 618 1776 longitudine
637 1693 757 1776 magis,
783 1692 885 1776 quarn
900 1695 1101 1758 obscuritate

99 1801 308 1864 narrationis.
353 1805 400 1864 Ac
418 1801 523 1863 verbis
539 1823 670 1884 quoqne
690 1801 843 1863 dilucidis
860 1802 1019 1868 utendum
1033 1812 1100 1866 est:

100 1932 164 1994 qao
187 1911 226 1972 de
247 1931 366 1994 genere
387 1910 514 1972 dictum
538 1922 586 1972 est
609 1910 642 1970 in
666 1910 848 1994 praeceptis
869 1911 1125 1996 eloquutionie.'
1198 1977 1203 1988 ,

97 2018 281 2084 Probabilis
297 2019 359 2080 erit
375 2018 538 2096 narrati0‚
561 2019 587 2080 si
604 2018 638 2078 in
657 2039 693 2080 en
715 2015 911 2098 videbuntur
925 2019 1031 2082 inesse
1051 2040 1100 2098 ea,

100 2147 186 2209 quae
204 2124 313 2187 solent
333 2145 486 2208 apparere
504 2125 539 2185 in
562 2126 720 2198 veritate;
754 2126 782 2185 ei
804 2146 1016 2208 personarum
1035 2125 1102 2208 dig·

98 2235 221 2297 nitates
237 2233 476 2307 servabuntur3
501 2233 528 2294 si
544 2219 661 2294 c'aosae
677 2235 840 2295 factorum
855 2235 1047 2308 exstabunt;
1071 2232 1100 2295 ei

96 2328 392 2404 suisse'sacultates
411 2339 558 2430 faciundi
580 2338 798 2414 videbuntur3
832 2339 859 2402 ei
881 2351 1012 2424 ‘tempus
1034 2341 1102 2431 id.⁰'
1213 2333 1215 2337 ¹

98 2471 213 2525 neum,
237 2445 264 2508 si
279 2446 374 2530 spatii
397 2448 488 2524 satis,
512 2447 539 2510 si
560 2445 652 2509 locus
672 2460 876 2531 opportunus
894 2448 934 2510 ail
956 2449 1101 2537 eamdem

93 2551 193 2634 reni,
216 2577 278 2638 qne
300 2555 339 2617 de
360 2577 396 2617 re
411 2556 613 2632 narrabitur,
637 2556 738 2618 fuisse
756 2555 967 2630 ostenduam
1001 2557 1032 2617 ei
1046 2578 1099 2620 reo

73 2702 75 2712 ·
97 2675 132 2729 et
148 2663 341 2748 adneorum,
365 2663 421 2748 qui
442 2673 539 2747 agent
552 2707 565 2760 ,ἢ
586 2675 735 2726 naturam
755 2675 788 2726 et
803 2665 843 2727 ad
859 2663 948 2748 vulgi
963 2686 1098 2744 morem,
1169 2717 1171 2720 .
1277 2732 1289 2753 ι

62 2784 131 2864 [εἰ
155 2771 198 2835 ad
218 2793 350 2850 eorum,
381 2772 437 2856 qui
457 2772 611 2849 audiunt,
638 2773 828 2857 opinionem
845 2772 1101 2838 accommodabi-

98 2892 165 2944 tur.
210 2883 276 2962 (De
298 2884 366 2943 lnr.
386 2881 407 2944 l.
430 2883 454 2944 Ι.
473 2903 500 2945 e.
522 2886 670 2966 19-22.)
692 2881 737 2960 1”’)

420 3019 424 3028 ι

95 3035 450 3051 -——-—
493 3039 498 3050 ι

148 3136 176 3210 ')
192 3107 273 3192 lvitil
296 3138 388 3192 estin
408 3135 527 3190 historin
547 3153 621 3207 pura
640 3147 669 3192 et
692 3135 800 3187 illustri
821 3133 958 3196 brevitate
982 3132 1102 3194 dulcius.

188 3227 287 3286 Cicero
296 3274 303 3297 ‚
323 3235 401 3286 Brut.
416 3249 441 3286 c.
455 3235 497 3302 76.
519 3234 541 3300 i.
557 3236 618 3288 262.

129 3325 174 3399 Ρ)
193 3329 233 3382 cf.
256 3331 344 3383 Cicer.
361 3331 430 3382 Part.
449 3337 516 3381 orat.
534 3345 556 3381 c.
571 3347 596 3398 μ
616 3325 663 3378 ubi
676 3325 745 3378 baec
759 3323 980 3396 praecipiuntur:
1001 3323 1055 3380 «G
1069 3322 1101 3380 F.

189 3423 287 3496 Quid?
313 3425 341 3477 in
365 3426 552 3486 narratione,
582 3439 654 3495 qaae
675 3421 786 3474 tandein
808 3419 992 3474 conservande
1014 3417 1102 3472 runt?

103 3532 105 3543 '
190 3519 222 3574 C.
240 3521 268 3575 P.
288 3519 426 3590 Quoniam
440 3521 556 3571 narratio
572 3528 613 3570 est
626 3537 713 3570 rerum
730 3516 894 3588 explicatio,
923 3525 951 3568 et
967 3515 1101 3586 quaedam
1143 3498 1146 3505 ¹

189 3616 269 3687 quael
283 3615 360 3668 seder
381 3631 413 3667 ae
427 3616 636 3666 fundamentum
654 3611 863 3669 constituendae
878 3609 957 3672 fidei,
985 3626 1017 3662 en
1039 3617 1105 3661 eunt
1202 3671 1204 3678 Ι

109 3753 119 3778 ,
188 3708 219 3763 in
242 3728 274 3763 ee
294 3710 425 3772 servanda
446 3710 578 3772 maxime,
606 3726 678 3779 qaae
699 3708 781 3760 etiam
797 3706 830 3773 in
851 3704 963 3776 reliquie
984 3703 1040 3755 lere
1063 3703 1105 3755 di-

188 3807 270 3859 cendi
293 3806 428 3876 partibus:
446 3815 533 3876 'quae
554 3805 649 3876 partina
669 3812 733 3856 sunt
754 3802 922 3862 necessaria,
949 3800 1048 3872 partim.
1064 3818 1106 3852 ee-

168 3951 171 3959 ,
187 3911 277 3955 sumta
292 3901 326 3954 ad
340 3889 518 3958 ornandums
532 3899 599 3954 Nam
616 3909 647 3952 ut
660 3899 782 3950 dilucide
797 3895 1029 3968 probabiliterque
1044 3912 1107 3948 nar-

187 4015 295 4062 remur,
316 3997 498 4051 neceesarium
515 4005 569 4049 est:
595 3994 643 4048 red
659 3993 818 4046 assumimus
836 3993 918 4044 ctiam
932 3991 1105 4043 suavitatem·

164 4079 166 4084 Ι
187 4093 257 4162 Ergo
280 4093 313 4147 ad
335 4089 460 4146 dilucide
482 4091 646 4145 narrandum
668 4089 764 4142 eadem
788 4087 837 4141 illa
857 4088 996 4160 superiore
1018 4084 1107 4158 expli·
1202 4092 1207 4100 '
