2814 4872
702 407 784 484 108

216 593 217 600 ἵ
244 605 408 694 pondere,
432 614 465 670 et
479 603 603 669 viribus
620 569 875 684 serdentiarnm,
897 605 925 670 si
942 591 996 671 vel
1016 605 1126 670 inania
1145 604 1248 670 verba

246 706 280 774 in
299 714 358 778 hos
380 711 498 775 modos·
513 713 739 798 depravarint,
752 769 756 785 ,
770 735 912 805 summos
934 737 968 778 se
993 713 1142 801 judicent
1166 715 1250 776 artit-

247 821 348 898 fices,
381 822 521 905 ideoque
540 844 605 882 non
628 822 785 885 desinunt
806 845 859 886 eas
882 834 1033 886 necteres
1068 843 1148 906 quas
1175 823 1251 887 sine

143 921 153 944 l
201 973 204 986 .
247 931 470 1009 substantia*)
490 931 626 1010 sectari,
656 931 1003 1010 tamest'ridioulum,
1034 953 1252 1014 quamquae-

246 1059 318 1102 rere
345 1039 492 1102 habitum
516 1051 707 1124 gestumque
737 1041 808 1102 sine
844 1063 989 1124 corpore.
1032 1041 1096 1104 Sed
1119 1063 1163 1114 ne
1185 1041 1252 1104 hae

248 1145 399 1229 quidem,
443 1157 642 1230 quaerente
671 1148 775 1228 fiunt,
814 1147 999 1212 densandae
1032 1149 1109 1210 sunt
1141 1147 1252 1210 nimis.

244 1256 327 1318 Nam
341 1267 373 1319 et
387 1256 498 1319 vultus
512 1255 647 1319 mutatio
663 1257 901 1342 oculorumque
916 1255 1086 1340 conjectus
1105 1255 1250 1318 multum

246 1362 281 1426 in
300 1376 378 1427 actu
393 1365 501 1438 ralet3
537 1365 594 1426 sed
615 1365 642 1424 si
661 1368 733 1448 quis
757 1367 877 1429 ducere
897 1387 932 1428 os
954 1352 1124 1448 exquisitis
1143 1363 1250 1426 modis

245 1479 279 1533 et
294 1473 413 1535 frontis
432 1495 470 1535 ac
489 1472 651 1534 luminum
676 1475 899 1554 inconstantia
921 1475 1084 1558 trepidare
1102 1491 1169 1535 non
1191 1472 1253 1534 de-

247 1578 355 1658 sinat,
388 1581 544 1644 rideatur.
573 1617 616 1630 —·
657 1583 835 1646 Sciendum
858 1603 935 1644 vero
962 1561 1134 1664 inprimis,
1168 1579 1253 1670 qnid

240 1688 389 1771 ⁴quisque
412 1688 446 1749 iu
466 1689 588 1751 orando
606 1689 752 1774 postulet
772 1692 874 1764 locus,
896 1688 978 1773 quid
995 1711 1146 1775 persona,
1168 1686 1252 1770 quid

246 1807 374 1883 tempus.
424 1796 527 1884 Major
549 1795 640 1860 enim
659 1821 732 1882 pars
750 1799 864 1860 harum
884 1799 1058 1881 figurarum
1076 1796 1180 1881 posita
1200 1805 1253 1858 est

247 1901 282 1966 in
301 1903 528 1968 delectatione.
571 1906 633 1967 Ubi
652 1927 730 1968 vero
753 1905 947 1982 atrocitate,
976 1903 1120 1982 invidia,
1151 1902 1252 1966 mise-

240 2010 374 2074 ratione
395 2012 612 2096 pugnandum
625 2022 692 2088 θεὶς
727 2013 800 2097 quis
826 2013 909 2076 ferat
934 2012 1183 2095 contrapositis,
1217 2022 1252 2074 et

246 2119 369 2202 pariter
392 2121 604 2200 cadentibus,
628 2131 661 2183 et
680 2119 907 2186 consimilibus
927 2119 1144 2198 irascentem,
1167 2119 1252 2182 flen-

246 2237 333 2306 tem,
356 2231 545 2319 rogantem?
569 2220 644 2294 clrm
660 2229 693 2291 in
713 2230 765 2292 his
782 2231 879 2291 rebus
900 2251 978 2290 cura
991 2227 1173 2318 ¹verborum
1193 2227 1251 2290 de-

246 2347 339 2419 roget
358 2339 526 2401 affectibus
548 2339 661 2413 fidem3
699 2349 731 2400 et
751 2337 951 2418 ubicumque
972 2345 1250 2417 arsostentatur,

249 2444 369 2505 veritus
386 2446 498 2506 abesse
516 2446 665 2508 videatur
683 2447 738 2524 *’‘).
1313 2422 1316 2432 Ι

188 2633 194 2640 “
282 2639 307 2712 *)
333 2641 401 2696 Alii:
420 2644 481 2695 aine
498 2646 646 2696 sententia.
697 2633 700 2641 ¹

272 2732 312 2809 **)
337 2738 379 2790 De
395 2736 561 2804 ligurisvarii
574 2738 647 2790 inter
664 2747 768 2810 ¹veteres
782 2755 831 2792 suo
847 2737 964 2810 quisque
978 2717 1059 2791 niodo
1075 2739 1252 2810 scripserunt.

335 2833 453 2898 Dionys.
467 2833 614 2887 Halicarn.
639 2853 663 2888 v.
675 2851 701 2902 g.
724 2841 798 2908 totus
813 2835 896 2890 estin
912 2835 1080 2905 explicandis
1095 2843 1253 2888 controver-

336 2928 398 2994 siis,
427 2937 460 2980 ut
478 2928 592 2991 dicunt,
611 2929 768 3004 figuratis,
795 2929 830 2984 de
847 2923 948 3001 quibus
965 2929 1034 2982 haec
1055 2929 1254 2995 Quintilianus

335 3021 435 3076 habet:
463 3025 522 3082 lum
539 3024 610 3076 enim
628 3025 662 3075 ad
677 3023 706 3076 id
720 3002 820 3092 penus,
842 3021 917 3097 quod
934 3023 1182 3096 frequentissimum
1198 3034 1252 3090 ests,

338 3128 367 3172 et
385 3119 524 3191 expectari
542 3119 659 3172 maxime
682 3119 780 3186 credo,
813 3121 980 3176 veniendum
1004 3128 1061 3183 est,
1085 3121 1186 3192 inquo
1203 3138 1271 3191 per,

255 3269 257 3276 ,
337 3215 476 3287 quandam
489 3216 680 3286 suspicionem,
702 3216 777 3288 quod
790 3233 846 3268 nun
862 3215 986 3281 dicimus,
1007 3215 1096 3286 accipi
1106 3215 1250 3285 volumus3

335 3329 393 3364 non
409 3311 507 3382 utique
523 3311 705 3376 centrarium,
733 3319 764 3362 ut
780 3311 809 3362 in
824 3313 969 3388 εἰρωνείᾳ,
988 3309 1036 3364 sed
1051 3309 1128 3361 uliud
1142 3309 1250 3376 latens,

305 3473 308 3482 Δ
337 3412 366 3458 et
387 3405 505 3458 auditori
530 3407 607 3476 quasi
630 3405 841 3460 inveniendum:
868 3405 1019 3477 qrtod,*ut
1040 3421 1120 3476 snpra
1141 3395 1253 3458 os'tendi

338 3499 412 3570 (scil.
423 3500 481 3554 ,hoc
502 3501 559 3572 ipso
575 3499 622 3553 lib.
646 3517 670 3554 c.
690 3519 710 3554 1.
733 3501 755 3566 ᾗ.
774 3497 845 3568 rip),
864 3502 916 3568 jam
932 3500 989 3554 fere
1004 3501 1092 3554 solum
1111 3499 1220 3554 schema
1234 3517 1253 3554 a

336 3595 434 3648 nostris
449 3606 577 3660 vocatur,
599 3605 628 3649 et
641 3596 714 3650 unde
730 3599 934 3648 controversiae
944 3598 1094 3672 figuratae
1110 3596 1250 3650 dicuntur.

336 3686 374 3759 (1.
393 3690 437 3742 nr.
453 3707 476 3744 c.
493 3711 517 3745 2.
534 3693 556 3758 s.
572 3690 634 3762 ss.)
1152 3681 1158 3695 '

387 3783 521 3853 Dionysii
534 3788 698 3840 sententiam
712 3771 829 3855 legnsin
843 3789 900 3856 ejus
916 3770 1026 3841 Rhetori
1040 3803 1064 3840 c.
1076 3787 1147 3842 VIII
1161 3796 1190 3840 ct
1204 3787 1250 3840 tx.

337 3858 488 3950 Doctrinae
509 3899 614 3934 summa
639 3881 686 3936 his
700 3881 834 3935 contineri
856 3882 978 3940 videtur:
996 3879 1082 3938 Ἔστι
1098 3888 1157 3939 τῶν
1178 3899 1251 3952 σχη-

317 3971 441 4045 *pirron
463 3973 528 4060 sidu
550 3964 633 4052 τρῖαζ
664 3983 700 4035 τὸ
727 3980 778 4056 pir
805 3980 864 4034 ioci
890 3984 994 4050 σχῆμα
1020 3975 1104 4046 λέγον
1129 3981 1199 4052 μὲν,
1228 3969 1252 4028 ἅ

338 4067 496 4140 βούλεται,
523 4068 665 4146 δεόμενον
687 4070 713 4129 δ’
733 4058 919 4149 εὐπρεπείας,
947 4069 965 4138 »l
988 4067 1025 4128 δι’
1047 4071 1165 4145 ἀξίωσιν
1190 4075 1250 4138 τῶν
