2890 4866
699 495 703 508 ,
772 461 874 551 ,538
950 576 953 585 Ι

243 687 248 706 ι
334 661 439 748 prima
463 659 642 745 partitione
671 680 788 745 causae
818 659 882 724 erit
909 657 1102 742 simpliciter
1131 657 1339 741 expositum,

335 771 553 832 distribuetur
592 790 631 831 eo
666 778 812 852 temporo
846 767 1127 844 commodissime,
1168 765 1340 850 quemad
1424 789 1425 808 ι

335 879 442 962 ipsum
466 887 601 940 ventum
630 876 695 940 erit
719 875 951 960 explicandum
980 876 1016 936 in
1047 895 1163 938 causae
1190 873 1340 962 dictione
1424 929 1425 962 3

333 997 408 1071 post
438 984 658 1068 partitionem.
710 985 821 1067 Atque
849 983 933 1046 illud
961 1005 1093 1066 quoque
1122 981 1267 1064 pertinet
1296 979 1341 1042 ad
1424 997 1425 1072 ᾗ

330 1092 561 1182 paucitatem,
587 1115 628 1154 ne
645 1101 715 1152 aut
741 1091 853 1174 plura,
884 1107 982 1172 quam
1002 1091 1080 1152 satis
1100 1100 1166 1166 est,
1198 1089 1340 1150 demon·
1424 1083 1425 1160 i

334 1210 494 1262 straturus
516 1223 575 1268 nos
601 1198 771 1276 dicamus,
806 1199 869 1260 boc
890 1197 1002 1260 modo:
1033 1193 1246 1274 Ostendam,
1269 1181 1341 1258 ‘ad-

333 1307 517 1384 versarios,
540 1307 630 1390 quod
649 1307 837 1390 arguimus,
861 1317 893 1369 et
913 1306 1057 1392 potuisse
1076 1310 1201 1383 facere,
1225 1315 1258 1367 et
1275 1328 1342 1366 ¹vo·-

207 1439 213 1460 .
290 1453 294 1462 ,
333 1415 455 1492 luisse,
480 1414 666 1488 etdecisse;
701 1436 777 1476 nam
794 1414 914 1476 secisse
932 1413 1104 1487 ostendere
1125 1413 1201 1473 satis
1219 1423 1285 1476 est:
1311 1415 1341 1492 *)

333 1524 406 1598 aut,
431 1543 507 1583 cum
526 1521 559 1582 in
576 1543 673 1584 causa
688 1522 823 1605 partitio
844 1523 936 1588 nulla
952 1523 1014 1598 sit,
1036 1531 1068 1584 et
1087 1521 1242 1610 quiddam
1262 1521 1341 1583 sim·

330 1629 408 1714 plex
438 1621 571 1712 agatur,
604 1639 712 1692 tamen
737 1635 873 1690 'utamur
900 1629 1150 1714 distributione;
1186 1628 1221 1690 id
1246 1630 1340 1712 quod

331 1760 465 1822 perraro
488 1745 598 1820 potest
623 1738 782 1800 accidere.
827 1741 875 1800 Ac
895 1746 972 1797 su‘nt
999 1737 1061 1798 alia
1087 1757 1220 1819 quoque
1241 1759 1340 1818 prae·

245 1900 247 1908 s
287 1867 293 1872 ·
333 1854 427 1927 cepta
450 1844 686 1928 partitionum,
722 1867 805 1928 quae
832 1843 873 1934 ad
906 1843 996 1906 huuc
1027 1865 1124 1904 usum
1153 1844 1339 1908 oratorium

331 1955 399 2014 non
417 1963 588 2035 tantopere
605 1953 790 2036 pertinent:
822 1973 906 2036 quaa
934 1961 1106 2024 versantur
1133 1951 1166 2011 in
1188 1951 1339 2034 philoso-

309 2061 428 2144 phia,
449 2055 500 2124 ‘ex
524 2062 643 2143 quibus
670 2061 749 2123 haec
777 2060 845 2145 ipsa
865 2059 1115 2136 transtulimus,
1148 2081 1232 2141 quae
1253 2081 1338 2122 con-

280 2209 284 2216 ,
329 2167 445 2232 venire
473 2157 687 2243 ridebantur;
712 2189 866 2257 *quorum
897 2166 978 2227 nihil
1006 2165 1040 2228 in
1065 2167 1182 2229 celeris
1208 2168 1336 2230 artibus

330 2269 586 2339 inveniebamus.
628 2277 738 2358 Atque
753 2277 802 2335 his
821 2274 861 2336 de
876 2274 1054 2357 partitione
1072 2275 1275 2356 praeceptis,
1300 2277 1336 2338 in

330 2383 421 2444 omni
435 2382 581 2444 dictione
597 2383 784 2444 meminisse
804 2381 982 2465 oportebit,
1005 2393 1042 2460 pt
1060 2391 1092 2444 et
1112 2381 1214 2464 primu
1232 2405 1338 2466 quae.

331 2511 396 2572 quc
422 2511 518 2574 pars,
552 2498 600 2552 ut.
615 2491 760 2573 exposita
782 2501 833 2553 est
854 2491 887 2551 in
912 2490 1112 2573 partitione,
1144 2489 1337 2556 sivcvordtne

672 2583 680 2610 Ι

328 2665 677 2682 muna-uu·—

370 2773 396 2846 *)
422 2775 553 2846 «Itaque
565 2794 621 2828 non
635 2775 802 2848 defuerunt,
827 2775 875 2850 qui
892 2769 1032 2830 Ciceronis
1047 2775 1123 2830 illam
1137 2795 1186 2849 pro
1200 2778 1335 2832 Cluentio

380 2943 382 2946 Ι
413 2872 588 2948 partitionem
605 2871 804 2954 improbarent,
831 2889 886 2944 qua
907 2891 936 2926 se
954 2873 1092 2925 dicturum
1113 2891 1169 2926 esse
1190 2876 1333 2944 promisit,

413 2967 528 3038 primum
545 2967 682 3044 neminem
697 2953 843 3035 majoribus
863 2967 1038 3032 criminibus,
1067 2969 1231 3036 gravioribus
1254 2970 1335 3024 testi-

413 3059 465 3112 bus
488 3063 518 3112 in
540 3062 674 3128 judicium
694 3071 839 3126 vocatum,
863 3079 956 3134 ¹quam
986 3063 1184 3140 Oppianicum
1224 3065 1330 3117 deinde

301 3209 303 3215 ,
387 3141 389 3146 ’
410 3157 578 3230 praejudicia
594 3175 651 3210 esse
666 3158 739 3210 facts
754 3158 788 3208 ab
803 3158 834 3210 iis
847 3157 911 3228 ipsis
927 3159 1084 3236 judicibus,
1113 3177 1129 3212 a
1143 3159 1244 3230 quibus
1261 3173 1332 3212 con-

413 3253 558 3306 demnatus
576 3255 627 3320 sit3
651 3233 790 3326 'postremo
803 3253 937 3320 judicium
952 3255 1069 3326 pecunia
1087 3264 1243 3320 tentatum,
1271 3273 1330 3310 non

410 3367 427 3401 a
442 3349 584 3422 Cluentio,
603 3347 651 3401 sed
667 3357 760 3402 contre
770 3348 949 3418 cluentium:
970 3350 1045 3422 quia,
1067 3351 1089 3402 si
1102 3350 1209 3420 probari
1222 3358 1328 3422 posset,

412 3445 488 3516 quod
503 3433 544 3497 est
558 3444 689 3508 tertium,
710 3443 779 3496 nihil
795 3462 905 3496 necesse
920 3445 1003 3497 fuerit
1020 3446 1110 3498 dicere
1125 3446 1221 3517 priora.
1260 3449 1331 3498 Rur-

410 3556 455 3590 sus
475 3557 555 3594 nemo
579 3548 635 3590 tam
655 3539 706 3590 erit
726 3547 775 3590 aut
792 3540 928 3606 injustus,
943 3549 1005 3592 vaut
1023 3541 1142 3604 stultus,
1172 3539 1239 3610 quin
1262 3558 1330 3592 eum

335 3635 342 3654 “
410 3633 530 3707 fateatur
546 3635 647 3704 optime
662 3651 710 3704 pro
725 3633 840 3709 Murena
853 3653 910 3687 esse
925 3635 1069 3718 partitum:
1105 3635 1253 3701 intelligo,
1282 3637 1331 3702 ju-

412 3726 497 3792 dices,
517 3738 572 3782 tres
584 3729 668 3781 totius
683 3730 863 3783 accusationis
876 3737 964 3800 partes
977 3729 1067 3792 fuisse,
1089 3736 1119 3780 ut
1134 3747 1225 3781 earrrm
1243 3747 1330 3782 unam

332 3836 336 3844 ·
410 3819 440 3870 in
463 3824 673 3892 reprehensione
690 3824 778 3887 vitae,
808 3825 920 3876 alteram
933 3823 962 3875 iu
979 3823 1156 3877 contentione
1169 3823 1327 3889 dignitatis,

411 3917 519 3968 tertiam
544 3919 572 3970 in
593 3919 750 3974 criminibus
770 3919 889 3971 ‘ambitus
911 3937 968 3971 osse
984 3909 1124 3972 versatam.
1160 3917 1228 3970 Nam
1242 3919 1281 3971 sic
1298 3926 1329 3972 et

411 4003 533 4062 ostendit
551 4011 718 4068 lucidissime
741 4032 866 4078 causam,
893 4021 922 4066 et
945 4013 1100 4076 nihilfecit
1122 4013 1209 4066 altero
1231 4031 1329 4085 super·

412 4119 538 4161 vacuum
549 4125 563 4153 a
603 4109 723 4174 Quintil.
735 4111 782 4162 lv.
798 4110 822 4160 5,
836 4110 858 4174 5.
877 4124 913 4162 ιι.
934 4125 973 4162 ιι.
