2902 4866
488 383 490 390 ’
575 373 659 447 457

117 570 217 632 otiosi
241 581 274 634 et
296 571 427 654 supini,
471 571 497 632 si
524 570 604 653 quid
624 569 720 632 modo
742 568 871 654 longius
893 564 1121 631 obeundum·-

117 688 218 757 runt,
248 678 359 761 jurant
379 680 422 740 itu
444 679 635 742 Ciceronem
652 678 842 740 locuturum
861 677 972 738 fuisse.
1014 675 1122 737 Nove·

72 831 77 838 ψ
117 807 188 847 ram
208 785 386 867 quosdam,
418 786 476 869 qui
495 807 529 848 se
550 785 686 868 pulchre
705 784 900 867 expressisse
919 805 1020 866 genus
1039 782 1121 844 illud

118 888 385 978 c'oelestishujus
405 894 439 956 in
466 893 606 955 diceudo
626 891 688 952 viri
709 891 770 953 sibi
793 890 1000 979 viderentur,
1034 893 1060 952 si
1085 890 1120 950 iu
1163 925 1166 934 =

117 998 495 1084 clausula⁴,poauisseut:
514 1003 592 1064 Esse
612 991 770 1062 uideatur.
791 999 877 1082 Ergo
892 1000 1039 1083 ¹primum
1060 1007 1120 1074 est,-
1216 1069 1219 1074 .
1279 991 1283 1005 ’

119 1121 160 1170 ut
176 1109 265 1190 quod
283 1110 469 1172 imitaturus
490 1108 704 1194 estquisque
715 1151 726 1185 ,
758 1107 921 1192 intelligat
940 1117 991 1186 et,
1021 1127 1123 1192 quaro
1220 1113 1221 1118 ’

117 1218 243 1279 bonurn
261 1218 323 1296 sit,
346 1219 438 1282 sciat.

77 1333 81 1350 ¹
183 1328 266 1387 Tum
295 1327 329 1388 in
359 1326 568 1410 suscipiendo
599 1347 699 1388 onere
732 1325 883 1416 consulat
916 1343 990 1385 suas
1026 1319 1124 1396 vires.
1210 1317 1212 1332 '
1285 1382 1288 1392 ,

118 1434 202 1496 Noui
229 1423 387 1517 quaedam
415 1447 493 1497 sunt
512 1435 699 1510 imitabilia,
734 1434 854 1517 quibus
879 1441 936 1494 aut
952 1430 1123 1493 infirmitas

118 1552 255 1603 naturae
271 1565 335 1602 non
355 1542 493 1604 sufficiat
511 1555 568 1604 aut
586 1541 758 1603 diversitas
776 1550 945 1623 repugnet.
987 1539 1046 1612 Ne,-
1069 1535 1125 1598 cui

119 1650 408 1732 tenueingenium
430 1650 512 1726 erit,
537 1648 606 1710 sola
623 1648 703 1709 velit
723 1648 822 1708 fortia
845 1656 877 1708 et
893 1645 1055 1735 abruptae
1070 1642 1125 1706 eui

119 1759 206 1818 forte
234 1756 385 1839 quidem,
418 1757 476 1818 sed
504 1757 715 1832 indomitum,
749 1777 857 1816 amore
878 1735 1066 1818 subtilitatis
1092 1760 1148 1838 (τιγ

119 1863 187 1926 vim
203 1887 295 1926 suam
317 1856 429 1948 oerdat
445 1877 477 1927 et
492 1856 696 1947 elegantiam,
715 1885 813 1947 quam
831 1861 937 1945 cupit,
958 1883 1023 1922 non
1042 1881 1124 1920 asse·
1213 1892 1225 1940 Α·

121 1982 251 2056 quatur.
281 1972 373 2034 Nihil
393 1985 444 2035 est
462 1950 549 2034 enim
565 1981 631 2032 tam
649 1971 819 2047 indecens,
841 1991 939 2052 quarn
956 1989 1030 2030 cum
1048 1967 1127 2028 mol.

120 2082 167 2166 1ia
186 2081 265 2142 dure
290 2065 381 2142 fiunt.
427 2082 536 2164 Atque
557 2100 615 2163 ego
637 2078 683 2138 illi
705 2078 932 2163 praeceptori,
957 2097 1053 2159 quem
1078 2075 1127 2134 in·
1232 2087 1234 2095 “

47 2178 49 2182 ’
123 2189 296 2250 stituebam
317 2189 349 2248 in
373 2187 456 2247 libro
475 2187 639 2263 seeundo,
677 2182 801 2247 credidi
831 2205 951 2246 nonea
977 2182 1043 2244 sola
1067 2182 1126 2242 do-

123 2283 340 2371 cendaesse,
374 2293 411 2354 ad
437 2277 521 2374 quae
548 2311 713 2376 quemque
740 2275 981 2375 discipuloburn
1010 2297 1126 2364 natura
1193 2283 1205 2304 ⁸
1266 2295 1270 2304 “

124 2402 341 2484 compositum
357 2401 493 2484 videret.
535 2385 578 2465 Ei
594 2400 747 2485 adjurare
761 2400 870 2476 debet,
895 2419 979 2480 quae
996 2399 1028 2458 in
1040 2418 1126 2481 quo·

6 2585 8 2592 Ι
33 2493 37 2496 .
93 2536 94 2540 ¹
124 2529 189 2590 que
217 2527 333 2572 eorum.
360 2508 488 2570 invenit
507 2509 619 2586 bona,
654 2519 686 2568 et
717 2515 878 2590 quantum
909 2507 977 2569 fieri
999 2515 1126 2590 potest,

124 2613 277 2696 adiicere,
297 2638 380 2698 quae
391 2617 520 2693 desunt,
542 2627 574 2678 et
585 2607 757 2678 emendare
771 2615 930 2697 quaedam
949 2625 1127 2677 etmutare.

123 2703 245 2787 Re'otor
262 2723 350 2784 enim
371 2733 421 2786 est
444 2723 627 2818 alienorum
652 2723 859 2808 ingeniorum
887 2734 988 2806 atque
1007 2724 1129 2784 forma-

77 2917 82 2923 .
123 2839 186 2892 tor.
227 2830 400 2892 Difficilius
426 2821 495 2910 est,
530 2813 802 2892 naturam-suarii
829 2830 958 2914 lingere.
994 2830 1065 2914 ,sled
1087 2851 1130 2892 ne

125 2935 182 2999 ille
204 2939 335 3022 quidem
364 2939 498 3018 doctor,
535 2946 734 3021 quamquam
764 2938 892 3013 omnia,
933 2959 1016 3020 ‘1⁰³0
1038 2946 1130 2998 recta
1228 2993 1231 3000 .

127 3057 227 3123 sunt,
251 3048 330 3112 velit
349 3069 418 3108 csse
439 3048 560 3110 insuia
579 3031 783 3106 auditoribus
805 3067 901 3126 quam
924 3045 1127 3128 plenissima,

126 3154 161 3216 in
182 3177 220 3218 eo
239 3165 369 3232 tamen,
392 3156 445 3216 oui
466 3164 617 3238 naturam
638 3155 766 3236 obstare
786 3152 928 3230 viderit,·
955 3152 1128 3214 laborabit.
1151 3163 1156 3170 '

189 3262 226 3336 ld
244 3279 376 3346 quoque
391 3248 580 3340 vitandum,
603 3263 636 3322 in
656 3284 722 3345 quo
738 3283 852 3344 magna
867 3283 940 3343 pars
959 3272 1063 3337 errat,
1088 3283 1129 3322 ne
1148 3235 1157 3256 Ι

129 3372 164 3433 in
188 3373 335 3434 oratione
354 3383 466 3456 poetas
487 3373 582 3434 nobis
603 3382 635 3433 et
656 3371 849 3445 historicos,
877 3369 918 3458 ¹in
934 3367 1003 3429 lllis
1021 3369 1130 3450 operi·
1174 3375 1175 3382 ’
1241 3365 1249 3380 ’

129 3479 190 3540 buo
226 3487 371 3540 oratores
404 3490 460 3540 aut
494 3477 728 3540 declamatores
757 3475 932 3538 imitandos
968 3487 1129 3558 putemus.
1159 3516 1163 3520 -

128 3587 192 3650 Sua
211 3587 331 3670 cuique
345 3587 510 3670 proposita
524 3587 585 3660 lex,
610 3609 687 3648 suus
707 3585 827 3668 cuique
844 3587 943 3647 decor
961 3597 1017 3646 est.
1048 3559 1130 3644 Nam
1206 3619 1211 3629 ι

131 3675 238 3780 neque
257 3695 423 3759 comoedia
443 3695 516 3781 [in]
542 3693 711 3758 cothurnis
737 3693 878 3778 assurgit
895 3694 940 3772 *)‚
964 3715 1024 3786 uec
1049 3678 1130 3756 con-

139 3891 509 3908 mna—u·-

181 4018 212 4102 *l
224 4019 294 4074 alii:
313 4037 377 4074 uum
393 4020 534 4076 comoedia
550 4037 607 4074 non
623 4018 772 4114 cothurnis.
