2890 4866
523 407 525 414 “
609 432 689 508 ssr

134 629 278 714 legum,
299 645 555 714 responsorum,
577 629 741 695 dictorum
756 593 1156 720 'dentque'factorumqus

147 742 253 803 velut.
264 739 420 822 quasdam
438 739 566 826 copias,
599 741 720 824 quihus
737 740 923 819 abundare,
955 764 1101 826 quasque
1118 742 1155 804 in

147 857 304 932 promptu
325 868 452 929 semper
475 825 593 910 habere
621 849 716 911 dehet
740 860 869 926 orator,
901 849 1013 912 eudem
1028 851 1083 910 illu
1104 848 1155 912 vis

147 961 384 1039 repraesentat.
410 957 522 1040 Neque
538 957 698 1020 immerito
715 945 877 1020 thesaurus
891 959 945 1019 hic
961 961 1155 1046 eloquentiae

148 1065 276 1126 dicitnr
293 1064 329 1144 *).
347 1087 351 1104 ·
372 1063 436 1126 ted
462 1086 528 1126 non
550 1065 641 1128 firme
663 1075 790 1128 tantum
813 1066 1006 1144 continere,
1040 1087 1156 1150 rerum

149 1171 252 1235 etiam
273 1172 341 1234 cito
363 1172 531 1257 percipere
548 1174 649 1236 multa
667 1167 969 1257 acturos‘oportet‚
994 1197 1054 1238 uec
1072 1193 1156 1256 quae

148 1279 323 1362 scripseris
351 1281 447 1342 modo
476 1287 590 1344 iterata
621 1280 765 1344 lectione
797 1281 992 1365 complecti,
1034 1282 1090 1344 sed
1120 1282 1156 1342 in
1252 1299 1254 1303 ·

149 1387 302 1469 cogitatis
317 1410 445 1471 quoque
463 1411 572 1452 rerum
589 1411 627 1452 ac
645 1392 818 1453 verborum
830 1375 1029 1454 ¹contentum
1047 1385 1156 1473 sequit

149 1505 203 1571 et,
227 1515 310 1577 quae
331 1496 399 1558 sint
419 1496 459 1557 sb
480 1497 612 1558 adversa
632 1510 723 1581 parte
745 1497 844 1573 dictu,
868 1498 1071 1561 meminisse:
1094 1481 1156 1560 neo

148 1603 269 1684 utique
289 1623 343 1676 ea,
376 1601 548 1684 quodicta
567 1614 645 1666 sunt
669 1603 803 1680 ordine,
834 1605 995 1679 refutare,
1027 1603 1084 1666 sed
1104 1621 1158 1686 op·

131 1707 305 1794 *portunis
325 1708 409 1769 locis
428 1729 560 1792 ponere.
595 1710 703 1790 Quid?
725 1711 959 1794 extemporalis
971 1713 1078 1774 oratio
1095 1716 1157 1774 ned

150 1817 217 1878 alio
239 1816 317 1878 mihi
342 1816 472 1878 videtur
490 1817 608 1880 mentis
627 1818 738 1900 rigore
762 1827 921 1900 constare.
971 1821 1053 1881 Nam
1079 1819 1173 1910 dum

150 1924 216 1986 alia
232 1925 388 2003 dicimus,
410 1948 495 2008 quae
511 1926 632 1991 dicturi
651 1947 782 2018 sumus,
806 1926 962 1989 intuenda
978 1936 1065 1989 sunt.
1107 1928 1158 1988 lta

151 2055 256 2118 quum
283 2055 409 2116 semper
435 2035 590 2116 cogitatio
616 2034 703 2097 ultra
726 2034 779 2111 id,
813 2035 903 2119 quod
924 2048 992 2113 est,
1025 2035 1157 2119 longius

151 2140 301 2224 quaerit,
324 2137 482 2222 quicquid
501 2141 633 2202 interim
653 2141 786 2223 reperit,
811 2140 1059 2232 quodammodo
1073 2129 1159 2226 apud

152 2246 341 2310 memorium
361 2246 512 2328 deponit:
544 2248 633 2330 quod
650 2247 727 2323 illa,
760 2249 852 2331 quasi
872 2243 976 2332 inedia
999 2249 1160 2332 quaedam

154 2327 507 2435 manus,⁸acceptum
539 2355 580 2437 ub
613 2355 805 2418 inventione
841 2345 939 2418 tradit
968 2354 1159 2420 elocutioni.
1225 2397 1227 2400 -
1268 2344 1271 2353 Κ

153 2461 228 2524 Non
253 2459 521 2522 arbitrorautem
545 2461 622 2521 mihi
644 2464 676 2522 in
697 2462 759 2525 hou
783 2464 1043 2542 immorandum,
1078 2463 1161 2548 quid
1264 2521 1272 2528 .

122 2547 125 2553 Ι
156 2568 224 2644 sit,
259 2567 348 2649 quod
367 2570 555 2631 memoriam
574 2570 689 2632 faciat:
722 2592 910 2656 quenquam
928 2574 1076 2656 plerique
1103 2574 1161 2635 im·
1193 2619 1196 2634 .

154 2674 253 2760 primi
273 2676 430 2758 quaedam
450 2675 582 2760 vestigia
599 2677 727 2756 animo,
752 2668 843 2740 velut
862 2681 896 2741 in
917 2681 999 2742 ceris
1020 2681 1161 2744 annulo-

155 2805 229 2844 rum
246 2783 335 2866 signa
354 2797 549 2862 serventur,
583 2783 771 2848 existimant
791 2787 846 2866 1“).
889 2789 1000 2871 Neque
1018 2811 1073 2851 ero
1096 2801 1160 2852 tam

157 2891 334 2970 credulus,
375 2904 412 2954 ut
444 2893 537 2975 qu‘asi
572 2892 686 2956 habitu
713 2893 888 2956 tardiorem
919 2896 1184 2978 firmioremque

156 3000 347 3061 memoriam
368 2999 435 3062 lieri
456 2993 577 3082 putem.
608 2999 687 3083 Ejus
705 3013 826 3077 autem,
852 3002 940 3083 quod
958 3003 998 3062 ad
1017 3003 1160 3064 animum

155 3107 313 3190 pertinet,
329 3105 435 3188 ,inagis
454 3093 594 3168 admirer
611 3118 780 3183 naturam,
802 3110 910 3169 subito
928 3131 979 3172 res
1003 3119 1173 3189 vetustas„

156 3224 251 3276 tanto
279 3235 318 3276 ex
337 3192 514 3276 intervallo
538 3215 715 3299 repetitas,
747 3213 884 3279 reddere
911 3239 945 3280 se
969 3228 1002 3280 et
1024 3218 1157 3281 offerre:

165 3351 508 3366 m·-

191 3429 221 3499 ²)
248 3429 325 3497 Quid
341 3427 431 3483 dicam
452 3427 485 3483 de
505 3429 634 3484 thesauro
656 3449 748 3484 reram
768 3433 889 3484 omnium
903 3432 1056 3484 memoria?
1082 3434 1160 3499 Quos

246 3526 304 3577 uisi
327 3538 417 3576 custos
442 3526 561 3577 inventis
584 3528 808 3603 [cogitatisque]
839 3528 920 3580 rebus
945 3540 971 3578 et
993 3529 1086 3579 verbis
1109 3525 1162 3578 adr

246 3618 391 3680 niteatur,
427 3617 625 3689 intelligimus,
660 3623 772 3684 omnia,
799 3616 908 3676 etiamsi
933 3622 1161 3692 praeclarissima

106 3775 107 3780 ¹
158 3714 162 3726 ¹
227 3711 371 3788 *sutrina
399 3715 581 3768 its-oratione
605 3718 743 3786 peritura.
782 3717 886 3770 Cicero.
924 3717 984 3788 (De
1005 3728 1072 3771 orat.
1096 3719 1119 3774 1.
1134 3719 1159 3774 5.
1242 3771 1244 3775 ,

247 3809 269 3874 s
294 3805 353 3878 a)
429 3825 431 3830 s
868 3850 872 3856 -
1185 3795 1192 3800 ’

181 3897 223 3971 ’*.)
248 3901 281 3956 V.
296 3919 318 3967 g.
333 3901 433 3964 Plato,
460 3899 574 3955 T'heaet.
597 3921 623 3974 p.
643 3903 691 3972 154
708 3911 737 3956 et
756 3903 811 3956 156.
848 3904 899 3960 Ed.
920 3903 948 3960 B.
987 3909 1020 3960 In
1044 3905 1159 3960 Philebo

245 3995 325 4048 Plato
344 3997 498 4048 memoriam
522 3991 675 4072 Σωτηρίαν
699 3999 861 4068 αἰσθήσεως
885 4011 981 4066 vocat,
1011 4011 1159 4075 eamque&
1215 4073 1219 4081 .

138 4153 140 4158 ,
247 4090 449 4162 reminiscentis
461 4087 657 4169 (ὰναμνησει)
670 4092 822 4163 distinguit
859 4095 930 4152 Phil.
945 4116 973 4170 p.
988 4098 1049 4152 255.
