2942 4864
818 392 904 468 att

363 590 477 676 queri
502 590 608 668 solet,
640 591 780 652 maxine
801 613 843 654 ex
863 589 1058 667 camisiis,
1090 611 1176 672 quae
1192 611 1367 672 quamque

362 721 432 762 rem
445 699 607 777 efficiant,
629 711 681 763 est
696 699 885 762 videndum.
917 699 1098 758 Causarum
1112 709 1222 760 auten
1240 719 1383 786 genera·

363 819 443 870 tunt
460 807 562 889 plura.
602 809 684 870 Nam
703 817 781 868 sunt
799 807 902 880 aliae,
935 827 1019 887 quae
1040 806 1129 888 ipsae
1156 806 1368 876 ecuiiciuut;

363 914 466 990 eliae,
502 937 587 997 quae
612 915 679 976 vim
699 916 841 998 aliquam
870 913 912 974 ad
938 914 1182 976 conficiendum
1209 915 1370 975 afferunt.

361 1023 475 1106 ltaque
488 1023 564 1085 illae
580 1024 764 1106 superiores
779 1023 993 1084 conficientes
1008 1033 1188 1094 recentum
1209 1022 1278 1082 hae
1296 1019 1372 1082 reli·

363 1151 447 1216 que
470 1142 635 1214 ponantur
652 1131 685 1191 in
704 1153 743 1192 eo
760 1130 896 1212 genere,
925 1141 964 1192 nt
985 1129 1059 1190 eine
1078 1129 1132 1188 his
1154 1127 1278 1190 confici
1301 1147 1372 1186 uun

362 1240 478 1324 possit.
525 1238 711 1300 conficiens
738 1247 847 1298 antem
875 1259 974 1298 eausa
999 1237 1063 1298 alia
1085 1245 1137 1298 est
1159 1236 1316 1297 absoluta
1337 1245 1373 1338 ct

362 1349 509 1432 perfecta
534 1367 595 1427 per
618 1366 673 1421 se,
707 1344 771 1404 aliu
802 1345 927 1424 aliquid
948 1344 1107 1427 adjurans
1138 1353 1172 1404 et
1199 1340 1371 1405 efficiendi

363 1453 453 1534 socia
467 1452 643 1534 quaedam:
665 1450 768 1535 ,cajus
786 1451 915 1534 generis
934 1451 1089 1511 viscaria
1107 1458 1181 1524 est,
1211 1462 1247 1510 et
1267 1468 1374 1530 saepe

363 1569 422 1620 eut
438 1556 559 1642 major,
579 1567 637 1620 aut
656 1559 784 1633 minor,
806 1569 843 1620 ut
862 1559 986 1633 stilla,
1008 1579 1091 1640 qnae
1106 1557 1279 1616 unimam
1301 1556 1373 1616 sisu

362 1645 480 1743 tabet,
512 1665 581 1726 sola
605 1687 701 1748 saepe
728 1687 826 1728 causa
847 1665 986 1726 dicatur.
1039 1665 1124 1725 Sunt
1147 1671 1260 1724 autem
1285 1661 1372 1720 aliae

365 1793 502 1850 causae,
532 1795 621 1855 qnae.
638 1782 696 1832 ant
726 1784 862 1854 propter
889 1771 1107 1854 principium,
1143 1779 1201 1830 eut
1229 1780 1372 1851 propter

364 1880 505 1955 exitum,
529 1879 743 1944 conficientes
759 1889 929 1942 vocantur.
973 1879 1053 1944 Cum
1070 1889 1167 1940 autea
1181 1876 1372 1958 quaeritur,

364 1987 446 2070 quid
458 1987 500 2048 sit
511 1988 670 2069 optimum
685 1990 775 2048 factu
783 2013 792 2060 ;
816 1995 873 2046 aut
887 1986 1024 2062 utiliter,
1046 1994 1104 2046 aut
1114 2005 1187 2067 spes
1199 1979 1369 2046 efficiendi

365 2093 407 2155 acl
432 2095 676 2158 assentiendum
702 2095 842 2178 impellit
866 2094 1002 2156 animus.
1044 2093 1108 2168 Et,
1138 2092 1296 2174 veniam
1327 2089 1370 2150 de

365 2203 510 2265 utilitate
530 2201 594 2286 jam
615 2204 774 2279 diximus,
802 2202 842 2264 de
867 2181 1029 2265 efficiendi
1051 2200 1179 2265 ratione
1205 2199 1368 2260 dicamus.

365 2291 441 2388 Qun
460 2320 530 2372 toto
552 2331 691 2392 genere,
722 2309 939 2393 quibuscum,
972 2317 1006 2370 et
1027 2303 1265 2388 contru'qnns,
1300 2324 1369 2388 quc

366 2426 534 2498 tempore,
556 2428 614 2478 aut
628 2439 694 2498 qno
707 2411 802 2492 loco,
826 2427 884 2478 aut
898 2416 1017 2499 quibus
1032 2414 1244 2478 facultatibus
1261 2433 1370 2474 armo·

366 2543 459 2597 rum,
481 2523 663 2604 pecuniae,
685 2521 868 2599 sociorum,
891 2543 1044 2584 earumve
1059 2543 1194 2595 rerum,
1222 2543 1309 2603 quae
1326 2517 1368 2578 ad

367 2650 525 2713 quamque
554 2651 623 2690 rem
652 2630 852 2692 efficiendam
877 2629 1067 2712 pertinent,
1098 2627 1261 2710 possimus
1292 2627 1367 2704 uti,

366 2735 600 2818 requirendum
623 2746 681 2797 est.
724 2739 836 2818 Neque
860 2737 966 2796 solum
988 2757 1025 2796 ea
1043 2746 1140 2824 sunt,
1166 2756 1249 2817 quac
1270 2735 1367 2797 nobis

367 2852 560 2926 suppetunt,
576 2843 641 2906 ‚sed
657 2844 755 2906 etiam
773 2844 846 2919 illa,
868 2864 951 2925 qnae
964 2842 1190 2918 adversantur,
1211 2842 1367 2903 videnda.

326 2927 331 2944 ι
365 2951 426 3028 Et,
457 2949 484 3010 si
506 2971 545 3012 ex
561 2951 775 3014 contentione
797 2949 995 3034 procliviora
1013 2959 1111 3012 crunt
1127 2957 1256 3022 nostra3
1296 2970 1363 3010 nou

368 3057 474 3119 sulum
496 3057 579 3120 effici
602 3079 718 3140 posse,
747 3079 829 3140 quae
854 3057 1048 3132 suademus,
1081 3056 1144 3117 erit
1163 3055 1367 3140 persuaden-

368 3163 463 3240 dum5
487 3165 544 3228 sed
560 3166 741 3229 curandum
759 3165 866 3241 etiam,
889 3163 1015 3239 utilia,
1038 3163 1167 3237 facilia,
1191 3157 1364 3247 proclivia,

367 3269 511 3355 jucunda
537 3273 721 3336 videantur.
772 3269 1046 3332 Dissuadentibus
1065 3280 1172 3332 autem
1193 3280 1252 3332 aut
1270 3268 1367 3332 utili-

368 3389 420 3442 tas
443 3378 665 3442 labefactanda
687 3386 758 3453 est,
790 3389 848 3438 ant
871 3377 1031 3440 efficiendi
1055 3375 1272 3438 difficultates»
1286 3376 1366 3438 effe-

368 3485 510 3558 rendae,
533 3506 637 3567 neque
651 3484 723 3545 aliis
743 3505 780 3546 ex
795 3486 994 3567 praeceptis,
1024 3483 1082 3544 sed
1100 3483 1214 3546 iisdem
1233 3503 1272 3544 ex
1289 3503 1367 3544 sua·

369 3592 473 3654 sionis
490 3593 583 3656 locis.
614 3594 755 3672 Uterque
768 3614 846 3654 vero
865 3591 906 3653 ad
926 3590 1109 3674 augendum
1125 3589 1243 3652 habeat
1256 3612 1365 3652 exem-

367 3699 496 3780 plorum
516 3711 573 3762 aut
588 3701 789 3774 recentium,
805 3720 869 3782 quo
889 3700 1014 3762 notiora
1032 3699 1110 3778 sint,
1133 3708 1190 3760 aut
1206 3708 1363 3775 veterum,

367 3823 434 3886 que
458 3805 532 3884 plus
555 3807 760 3868 auctoritatis
786 3805 948 3880 habeant,
981 3803 1117 3886 copiam.
1160 3805 1365 3889 Maximeque

367 3910 411 3972 sit
437 3908 472 3972 in
498 3911 561 3973 hoc
588 3934 705 3994 genere
730 3912 929 3986 meditatus,
963 3921 1002 3972 ut
1019 3911 1124 3992 possit
1143 3912 1193 3973 vel
1212 3913 1307 3975 utilis
1325 3933 1363 3974 ac

366 4017 550 4083 necessarie
577 4038 672 4102 saepe
696 4019 865 4098 honestis,
903 4016 957 4082 vel
982 4017 1064 4080 haee
1094 4015 1162 4080 iilis
1190 4013 1362 4084 anteferre·

451 4206 463 4242 S
