2890 4866
697 415 1148 556 sara,

369 685 457 740 rens,
482 662 631 745 quamvis
649 662 750 724 effusa
766 643 825 724 sit:
849 683 915 724 uon
932 662 982 723 est
998 651 1182 744 perspicua,
1206 659 1261 722 sed
1277 678 1354 744 pura.

367 769 568 852 Desideres,
594 768 746 851 inquieS,
778 755 893 832 eontra
910 768 990 830 vitia
1010 768 1135 851 aliquid
1157 789 1267 852 aspere
1287 765 1356 842 diei,

357 868 484 940 ‘contra
514 877 661 962 pericula
685 878 850 955 animose,
886 886 1000 938 eontra
1021 878 1187 940 fortunam
1210 875 1354 958 superbe,

358 989 486 1048 'contra
508 985 721 1048 ambitionem
740 985 986 1048 contumeliose.
1028 985 1113 1064 Volo
1133 984 1288 1045 luxuriam
1307 981 1356 1044 ob-
1429 973 1430 980 ἵ

368 1094 513 1180 jurgari,
545 1094 714 1156 libidinem
739 1094 888 1170 traduci,
926 1093 1152 1176 impotentiam
1172 1091 1291 1176 frangi:
1321 1089 1358 1148 sit

293 1284 297 1292 Ι
369 1204 495 1286 aliquid
517 1203 658 1265 oratorie
677 1224 771 1279 acre,
801 1201 923 1290 tragice
950 1186 1252 1283 grande‚·c'on1ice
1276 1195 1357 1258 exile.

368 1311 427 1374 Vis
453 1309 546 1392 illum
577 1309 719 1370 assidere
745 1307 884 1390 pusillae
913 1309 961 1372 rei
993 1307 1125 1370 verbis?
1179 1307 1236 1368 llle
1262 1322 1358 1366 rerum
1429 1349 1430 1352 ,

369 1439 404 1480 se
423 1416 641 1497 magnitudini
658 1416 799 1478 addixit:
834 1415 1076 1498 eloquentiam,
1100 1415 1191 1477 velut
1213 1412 1358 1484 umbram,

369 1545 435 1586 nou
457 1523 518 1584 hoe
542 1544 659 1605 agens,
696 1522 804 1585 trahit.
857 1503 929 1584 Nori
959 1535 1055 1587 erunt
1082 1524 1153 1585 sine
1180 1521 1276 1584 dubio
1299 1515 1360 1578 sin·

368 1633 442 1716 gula
462 1623 724 1713 circumspecta,
747 1652 808 1691 nec
826 1631 859 1691 in
878 1653 912 1693 se
931 1631 1090 1708 collecta,
1116 1651 1177 1692 nec
1193 1649 1285 1690 omne
1302 1643 1359 1685 ver·

366 1741 445 1802 bum
464 1739 618 1800 excitabit
640 1760 677 1799 ae
697 1720 841 1820 punget3
864 1739 986 1800 fateor:
1010 1739 1147 1800 exibunt
1166 1735 1283 1810 multa,
1306 1751 1356 1792 nee

369 1847 511 1921 ferient,
535 1855 566 1908 et
585 1844 750 1908 interdum
769 1845 874 1908 otiosa
894 1846 1155 1928 praeterlabetur
1171 1843 1288 1907 oratius
1310 1836 1357 1900 sed

340 1954 510 2014 ‚multum
527 1954 590 2016 erit
609 1954 642 2014 in
667 1954 819 2014 omnibns
845 1953 949 2029 locis,
983 1961 1015 2013 et
1038 1952 1154 2036 ingens
1176 1953 1246 2014 sine
1264 1945 1356 2010 taedio

370 2059 523 2144 spatium.
565 2061 717 2144 Denique
738 2060 821 2122 illud
845 2060 1044 2144 praestbbit,
1078 2073 1115 2122 ut
1139 2063 1262 2144 liqueat
1288 2053 1357 2127 tibi,

370 2169 465 2235 illurn
486 2169 649 2246 sensisse,
683 2177 767 2251 quae
790 2169 931 2250 scripsit.
976 2166 1145 2250 intelliges
1168 2177 1273 2230 actum
1292 2161 1356 2234 hoc,

370 2291 408 2341 ut
427 2288 464 2338 tu
483 2279 604 2356 scires,
630 2277 708 2360 quid
730 2277 778 2336 illi
803 2259 946 2361 placeret
960 2302 968 2347 ;
1003 2298 1068 2336 uon
1088 2287 1126 2336 ut
1149 2277 1204 2338 ille
1230 2271 1359 2356 placeret

369 2387 441 2448 tibi.
494 2385 544 2447 Ad
569 2390 752 2468 profectum
785 2384 894 2446 omnia
926 2382 1092 2460 tendunt,
1129 2383 1228 2450 etad
1254 2381 1357 2441 honam

370 2506 532 2557 mentem:
567 2515 632 2553 non
659 2492 832 2574 quaeritur
854 2492 999 2574 plausus.
1042 2492 1135 2553 Talia
1160 2481 1229 2556 esse
1251 2485 1357 2564 scripu

371 2598 440 2684 ejus
468 2620 533 2660 uon
561 2599 696 2674 dubito,
737 2599 833 2659 etiarn
862 2599 889 2658 si
919 2600 1019 2682 magis
1053 2601 1247 2662 reminiscor
1274 2609 1357 2676 qnam

369 2719 485 2771 teneo:
517 2706 696 2786 haeretque
719 2704 797 2764 mihi
821 2702 911 2766 color
932 2729 1066 2786 eurum,
1100 2731 1166 2770 non
1177 2728 1227 2814 1⁹¹
1246 2691 1357 2764 recenti

266 2881 268 2888 Α
371 2812 621 2894 conversatione
647 2811 874 2892 familiariter,
909 2813 966 2875 sed
985 2819 1192 2892 summatim,
1226 2821 1262 2872 ut
1287 2803 1357 2866 solet

371 2944 410 2985 ex
431 2931 541 2983 vetere
568 2919 695 2982 notitia.
749 2921 830 2982 Cum
856 2921 1002 2983 audirem
1032 2935 1122 2986 certe
1147 2924 1261 2994 illum,
1292 2908 1357 2976 talia

177 3059 190 3076 ⁸
284 3016 286 3020 Ι
371 3020 450 3092 milii
472 3029 683 3098 videbantur:
719 3028 929 3104 noneolida,
962 3029 1018 3090 sed
1040 3031 1157 3112 plena,
1194 3047 1274 3112 quae
1298 3015 1357 3077 ado·

371 3137 551 3199 lescentem
564 3135 691 3196 ‘indolis
704 3137 809 3198 bonae
826 3136 1027 3216 attollerent,
1051 3148 1083 3198 et
1101 3140 1141 3200 ad
1160 3133 1356 3200 imitationem

372 3247 422 3307 sui
442 3253 617 3319 vocarent,
654 3243 723 3304 sine
740 3243 967 3326 desperatione
987 3235 1161 3320 vincendi;
1196 3259 1275 3326 quae
1291 3222 1357 3294 mibi

373 3351 556 3414 adhortatio
577 3348 710 3410 videtur
729 3349 958 3410 efficacissima.
1000 3354 1151 3416 Deterret
1180 3349 1280 3421 enim,
1309 3327 1356 3417 qui

374 3457 526 3522 imitandi
546 3455 758 3540 cupiditatem
774 3457 985 3536 modut'euit,
1019 3481 1108 3544 spem
1131 3455 1270 3522 abstulit.
1310 3444 1357 3502 Gt·

302 3641 303 3646 η
373 3577 480 3633 terum
506 3567 614 3628 verbis
642 3554 804 3641 abundat,
839 3565 909 3627 siue
931 3568 1210 3631 commendatione
1231 3552 1357 3646 partium

376 3678 600 3761 singularum,
623 3675 655 3736 in
675 3675 864 3737 uuiversum
884 3674 1075 3758 magnificus
1093 3676 1120 3756 *t
1231 3673 1233 3679 ’

378 3836 721 3854 ψι-ιι-ι--Ι
803 3845 807 3852 ,
893 3831 902 3846 Ι

420 3923 447 3995 ⁹)
465 3925 652 3998 Comparandu
675 3927 785 3978 omnino
808 3934 848 3980 est
870 3923 990 3999 ejusdem
1013 3943 1056 3998 ep.
1073 3926 1132 3996 75.,
1159 3921 1207 3978 ubi
1223 3918 1291 3980 ipter
1312 3899 1357 3955 ³5⁸

463 4019 533 4072 haee
554 4031 714 4073 monentur:
750 4021 815 4073 Non
839 4021 1007 4074 mehercules
1033 4023 1132 4097 jejuna
1156 4035 1210 4074 esse
1239 4022 1265 4062 rt
1286 3991 1358 4098 arida

461 4115 549 4190 vulo,
583 4133 655 4186 quae
677 4113 711 4168 de
732 4115 813 4170 rebus
831 4127 887 4167 tum
901 4119 1011 4186 magnis
1027 4117 1171 4184 dicentur,-
1198 4099 1357 4178 „equarum
