2942 4864
656 385 736 476 cet

195 589 393 674 plorumqne
414 588 557 673 prolatio
580 609 706 652 nummo
731 605 806 652 com
826 585 1045 652 delectatione
1064 597 1100 651 et
1120 609 1200 653 απο-

197 699 364 762 toritatem
393 697 534 762 orationi
566 677 658 760 effert
689 707 721 760 et
749 697 856 759 fidem.
900 695 1002 776 (ibid.
1028 719 1056 758 c.
1078 698 1143 776 241)
1160 697 1197 776 F).

148 811 149 818 ’
259 805 340 884 Quis
354 827 420 866 non
433 804 504 890 jure
519 805 676 883 miretur,
710 826 749 868 ex
763 804 853 892 omni
867 803 1024 866 memoria
1039 814 1198 884 aetatum,

194 913 379 996 'temporum
396 923 430 975 et
448 914 619 976 ciritetum
640 923 705 978 torn
726 915 876 996 exiguum
897 923 1063 976 oratorum
1087 933 1200 975 nume·

195 1041 270 1083 rum
290 1019 458 1082 inveniri?
480 1057 521 1070 --
561 1021 723 1084 Nimirum
741 1020 845 1107 majus
869 1030 918 1083 est
943 1021 1006 1083 boc
1030 1019 1197 1103 quiddam,

196 1149 292 1213 quam
309 1129 458 1191 homines
479 1129 677 1213 opinantur,
707 1129 741 1192 'et
758 1129 907 1213 pluribus
929 1149 968 1191 ex
988 1127 1110 1190 artibus
1127 1137 1199 1188 etu-

193 1235 325 1319 diisque
354 1238 541 1300 collectum.
584 1240 651 1318 (De
680 1246 760 1299 orat.
777 1237 807 1299 Ἰ.
842 1259 870 1299 c.
893 1237 943 1317 4.)
968 1271 1011 1302 e-
1030 1243 1088 1283 ·-“
1114 1233 1197 1314 Quin

191 1344 281 1408 enim
298 1345 386 1406 eliud
402 1345 436 1416 in
454 1353 591 1408 maxime
607 1345 806 1408 discentium
821 1344 1047 1421 multitudine,
1071 1363 1198 1404 summe

194 1453 424 1536 magistrorum
448 1454 561 1538 copia,
593 1445 882 1538 praestantislirnis
911 1453 1082 1515 hominum
1106 1452 1200 1536 inge·

118 1582 121 1590 ⁴
193 1559 270 1636 niis,
292 1561 421 1624 infinite
438 1583 610 1626 causarum
627 1563 795 1636 verietate,
819 1533 1027 1646 amplissimis
1042 1560 1204 1646 eloquen-¹

193 1668 259 1750 tiee
284 1653 459 1752 propositis
486 1669 639 1752 praemiis
667 1691 752 1731 esse·
769 1691 886 1731 cnusne
913 1680 1029 1752 putet,
1061 1667 1126 1728 nisi
1149 1665 1199 1731 rei
1283 1675 1284 1684 ’

193 1775 358 1859 quendam
378 1775 607 1838 incredibilem
623 1776 882 1860 magnitudinem
902 1787 935 1840 et
952 1773 1199 1839 difficultatem?

192 1881 255 1946 Est
271 1883 358 1943 enim
378 1891 410 1944 et
431 1882 569 1946 scientia
591 1883 898 1966 comprehendenda
920 1905 1030 1946 rerum
1048 1882 1200 1966 plurima·

192 2011 289 2066 rum,
311 1990 467 2074 sineque
483 1993 657 2057 verborum
676 1991 865 2053 volubilitas
883 1991 992 2053 inanis
1010 2004 1110 2074 etque
1127 1989 1199 2052 irri-

192 2097 301 2160 denda
323 2109 392 2172 est;
424 2107 457 2161 et
480 2098 552 2182 ipsa
576 2099 680 2162 oratio
711 2097 965 2186 conformanda,
999 2118 1066 2160 non
1091 2098 1199 2160 solum

194 2205 377 2282 electione,
425 2205 484 2268 sed
517 2207 615 2269 etiam
645 2204 896 2269 constructione
926 2203 1124 2278 verborum
1165 2209 1199 2266 et

194 2334 306 2376 omnes
322 2313 506 2374 animorum
522 2325 651 2393 motus,
677 2334 759 2397 qnos
775 2312 945 2374 hominum
962 2312 1072 2396 generi
1086 2333 1199 2375 rerum
1264 2307 1266 2317 ’

194 2431 311 2482 nature
330 2423 470 2501 tribuit,
494 2423 627 2508 penitus
644 2420 882 2508 pernoscendi:
907 2421 996 2505 qnod
1018 2421 1124 2484 omnic
1146 2420 1197 2484 vie

191 2532 343 2612 ratioque
371 2531 502 2594 dicendi
530 2532 564 2592 in
589 2553 721 2608 eorum,
756 2529 814 2614 qui
838 2531 996 2608 audiunt,
1030 2513 1196 2592 mentibus

110 2689 112 2695 .
193 2647 250 2698 aut
271 2638 421 2709 cedendis
441 2649 498 2700 aut
514 2639 697 2702 excitandis
714 2637 931 2721 expromenda
949 2649 1008 2701 est.
1049 2637 1198 2700 Accedet
1303 2698 1306 2707 ,

194 2745 307 2808 eodem
329 2757 459 2830 oportet
483 2747 575 2831 lepos
601 2747 735 2828 quidam
761 2746 1020 2827 facetiaequeet
1039 2743 1195 2822 eruditio,

191 2851 297 2914 libero
314 2853 434 2936 digna,
463 2855 682 2935 celeritasque
704 2863 737 2916 et
757 2853 900 2916 brevitas
918 2863 950 2916 et
975 2851 1197 2935 respondendi

195 2970 229 3022 et
247 2958 452 3039 lacessendi,
476 2961 589 3022 subtili
609 2970 898 3044 venustatemque
915 2961 1100 3024 urbanitate
1120 2983 1197 3022 con·

193 3065 318 3152 juncta.
347 3068 504 3130 Tenendo
520 3080 687 3151 praeterea
705 3079 754 3132 est
771 3070 876 3130 omnis
893 3069 1073 3150 antiquitus
1093 3089 1197 3130 enem-

193 3176 390 3265 plorumque
409 3177 481 3250 vis3
507 3199 613 3260 neque
632 3176 739 3259 legum
759 3189 815 3239 eut
832 3177 913 3262 juris
934 3177 1040 3238 civilis
1058 3175 1197 3237 scientia
1235 3173 1237 3178 ’

195 3283 386 3366 negligenda
407 3294 466 3347 est.
509 3286 591 3346 Nam
612 3285 695 3368 quid
716 3307 773 3368 ego
797 3284 836 3346 de
855 3285 986 3348 actione
1009 3283 1079 3367 ipsa
1103 3281 1198 3365 plura

193 3393 326 3456 dicam?
349 3375 432 3476 qnae
451 3403 543 3456 motu
568 3395 728 3477 corporis,
752 3415 836 3476 quae
856 3401 960 3475 gestu,
985 3411 1069 3474 qnae
1089 3387 1197 3465 voltu,

198 3525 282 3586 quae
301 3503 392 3563 vocis
412 3502 672 3564 conformatione
688 3525 726 3566 ac
742 3503 900 3564 varietate
915 3499 1110 3562 moderanda
1127 3499 1197 3558 est?

196 3633 280 3695 quae
305 3611 375 3672 ecla
399 3633 457 3694 per
484 3632 518 3672 se
541 3611 609 3693 ipsa
632 3621 755 3692 quanta
782 3611 846 3687 eit,
884 3608 1083 3670 histrionum
1110 3606 1196 3693 ¹lenis

158 3793 170 3832 Ι
195 3741 246 3780 ers
275 3731 308 3782 et
333 3741 430 3781 scena
457 3718 620 3792 declaret;
657 3717 692 3778 in
715 3739 780 3802 qna
797 3739 874 3780 cum
893 3737 1006 3778 omnes
1024 3716 1057 3778 in
1077 3715 1143 3779 orie
1163 3725 1197 3780 et

205 3870 556 3892 *uu—nm

240 3946 266 4019 'l
285 3951 355 4004 Cum
374 3949 415 4004 bio
431 3950 573 4004 Ciceronis
595 3949 676 4004 dictio
691 3948 803 4002 omnino
818 3949 998 4019 comparanda
1014 3959 1095 4017 sunt,
1124 3965 1196 4024 quae

166 4091 170 4103 f
280 4043 367 4101 hebet
383 4045 499 4114 Quintil.
520 4045 617 4100 1.le
637 4061 660 4100 c.
682 4044 867 4118 1.praecipue
889 4061 911 4099 c.
929 4059 962 4113 2,
982 4043 1080 4116 lind.
