2888 4876
698 389 748 434 VH

225 571 275 636 ut.
298 561 448 662 singulis
472 560 686 637 vernaculae
714 560 920 660 scriptionis
946 557 1122 658 capitibus
1145 560 1219 634 loci

226 684 468 786 pertinentes,
506 713 550 760 ex
570 685 729 785 antiquis
749 684 956 758 auctoribus
975 679 1218 784 transscripti,

225 807 487 906 interpretandi
503 819 540 882 et
564 809 766 908 explicandi
783 809 978 882 addantur:
1002 809 1098 882 uude
1121 819 1219 882 certe

225 928 324 1006 haud
355 933 523 1007 minimos
547 933 730 1007 solidioris
753 933 967 1006 eruditionis
985 933 1124 1008 fructus
1152 933 1219 1006 elis·

226 1053 374 1151 cipalis,
404 1055 499 1132 ultra
516 1056 749 1132 rudimenta
732 1055 881 1157 jamjam
898 1055 1052 1156 longius
1050 1082 1220 1200 progres-
1318 1033 1320 1040 Α

226 1178 299 1274 sis,
324 1180 609 1278 remandaturus,
634 1191 841 1280 ,exspectare
857 1180 988 1254 licet·

301 1303 355 1376 At
381 1304 479 1377 dicat
505 1305 699 1416 quispiam:
764 1303 870 1378 ·Cur
892 1330 965 1378 uon
994 1330 1106 1378 onum
1140 1329 1222 1376 cun·

227 1429 378 1532 demque
401 1428 638 1527 scriptorem,
664 1429 766 1530 cujus
792 1429 972 1527 integrum
997 1428 1042 1501 de
1065 1427 1134 1500 hac
1155 1426 1225 1500 dia.

229 1551 361 1649 ciplina
394 1551 527 1626 librum
567 1551 763 1649 habemus,
801 1579 835 1626 v.
862 1580 897 1652 g.
932 1551 1221 1646 Quintilianum,

233 1673 440 1750 Ciceronem
477 1686 540 1751 aut
572 1675 811 1750 Aristotelem
846 1676 1095 1775 exponendum
1127 1675 1223 1748 adhi·

138 1851 143 1858 -
230 1796 436 1902 beamusl·
476 1841 522 1856 -
570 1797 685 1873 'Huic
714 1801 881 1900 quidem,
921 1801 952 1872 si
979 1784 1125 1902 ueccs'se
1150 1789 1224 1894 sit,

107 2018 115 2030 ι
230 1913 390 2011 Breviter
414 1923 704 2022 respondendum
726 1926 890 2019 videtur,
922 1939 996 1998 uon
1014 1924 1130 2027 solqm
1149 1949 1225 1995 ver·

231 2043 382 2141 borum,
432 2048 496 2120 sed
531 2049 638 2120 ctiam
664 2058 700 2120 et
731 2049 876 2146 quidem
900 2047 1069 2148 ‘inprimis
1103 2071 1226 2118 rerum

230 2171 477 2268 cognitionem
511 2169 568 2244 his
602 2167 731 2240 studiis
765 2171 958 2276 petendam
990 2195 1094 2268 csse,
1134 2193 1227 2266 quae

229 2302 384 2392 utraque
397 2302 507 2386 certe,
523 2291 706 2366 variorum
722 2292 962 2389 comparanda
971 2293 1110 2364 ratione
1121 2300 1244 2391 atque,

232 2415 419 2511 doctrina,
438 2416 579 2514 plenior
598 2417 747 2488 exsistat
760 2421 916 2514 oportet,
942 2441 1051 2514 quam
1071 2417 1229 2516 acquies-

234 2540 349 2614 cendo
364 2541 536 2636 inanius,
560 2540 619 2612 vel
635 2523 822 2640 principis,
847 2539 1035 2637 scriptoris
1054 2538 1230 2633 lectione,
1282 2599 1286 2608 .

120 2657 124 2664 ’
233 2663 299 2736 sed
316 2689 362 2735 ne
386 2673 526 2738 exstare
556 2661 703 2762 quidem
723 2689 768 2736 ex
787 2671 864 2735 tota
881 2664 1105 2763 ,antiquitate
1129 2688 1231 2758 opus,

234 2788 275 2860 iu
294 2814 365 2887 quo
384 2815 443 2860 res
465 2796 589 2862 nostra
605 2773 773 2861 uniuersa
794 2812 874 2859 cum
896 2787 1048 2886 singulis
1067 2784 1231 2883 partibus

234 2903 390 2984 tractata
414 2913 488 3010 sit3
513 2919 700 3010 praeterea
720 2900 931 3010 praecipuas
956 2909 1062 3011 hujus
1086 2908 1232 3008 generis

233 3036 450 3133 scriptiones
482 3062 557 3108 non
582 3014 666 3108 raro
698 3034 745 3107 ad
771 3061 831 3110 eas
854 3033 975 3106 delabi
994 3032 1232 3126 subtilitates,

239 3185 353 3260 quae,
389 3167 514 3256 utpote
539 3158 637 3232 illius
666 3157 795 3230 aetatis
822 3157 956 3232 rationi
985 3155 1132 3230 omuino
1155 3181 1232 3254 pro

239 3284 418 3382 priae,‘a
445 3291 569 3358 nostra
597 3281 748 3354 nimium
764 3279 910 3354 ‘alienae
940 3288 1158 3378 appareant,
1197 3287 1234 3352 et

241 3407 467 3508 intelligendi
490 3406 718 3494 difficultates
736 3405 813 3480 sine
837 3405 959 3505 aliquo
984 3405 1103 3478 [ructu
1126 3428 1235 3504 supra

241 3532 388 3604 modum
415 3532 654 3630 adaugeant·
690 3528 851 3620 Quae
821 3555 853 3601 su
880 3542 977 3602 reeta
1004 3557 1043 3602 sc
1074 3524 1233 3620 habent,

242 3681 348 3752 spero
374 3657 561 3757 equidem,
590 3643 675 3729 fore
694 3663 739 3727 ut
755 3652 860 3726 labor
880 3652 940 3728 hic
958 3651 1080 3748 meus,
1107 3647 1235 3750 qualis·

243 3805 384 3879 cunque
403 3780 546 3854 demum
557 3764 637 3875 sit,
661 3788 770 3856 certe
779 3777 922 3852 abunde
945 3799 1141 3878 operosus,
1166 3798 1234 3844 nec

241 3903 406 4004 inpastus
428 3905 594 3980 οιιιιιίιιο
617 3926 684 4020 uec
713 3901 926 3977 inutilium
952 3901 1137 3994 videatur,
1173 3895 1236 3998 qui
