2814 4872
507 360 589 466 ira

19 645 20 660 ,
63 589 254 675 grammatici
279 591 314 652 in
335 587 462 673 poetis,
495 589 689 673 eloquentes
715 588 749 650 ln
774 591 862 652 omni
884 599 917 653 et
937 611 1054 674 genere

63 713 91 763 et
112 709 202 783 parte
232 716 413 760 causarum.
458 701 566 778 Quam
586 699 674 772 euim
696 685 888 760 indecorum
913 709 981 774 est,
1013 699 1053 760 de
1103 706 1105 716 ’

62 799 227 872 stillicidiis
249 793 350 891 quiam
372 807 457 890 apud
478 829 579 868 unum
600 800 743 890 jndicem
759 807 868 886 dieas',
892 807 1054 889 amplissla

62 915 248 979 mis'verbis
277 927 309 978 et
337 916 420 978 locis
454 915 502 976 uti
535 907 785 992 communibus,
819 917 858 978 de
883 913 1053 1000 majestate

61 1024 163 1108 populi
193 1025 331 1086 Romani
359 1025 528 1086 summisse
558 1036 590 1088 et
621 1023 804 1086 subtiliter!
835 1025 908 1102 vHic
935 1043 1052 1106 genere
1117 1101 1128 1112 Γ

60 1143 129 1194 toto.
153 1169 193 1182 -
236 1133 278 1196 At
300 1155 438 1218 persone
456 1133 512 1193 alii
535 1143 693 1215 peccant,
712 1143 772 1194 aut
785 1149 868 1210 sua,
886 1141 948 1191 ¹aut
965 1118 1053 1214 judi·
1125 1198 1130 1217 ,

62 1263 143 1319 cum,
180 1253 235 1304 aut
257 1241 657 1316 etiamadversariorum3
693 1237 808 1304 neer'e
829 1239 959 1319 solum,
995 1239 1053 1302 sed

62 1371 146 1432 saepe
165 1351 275 1412 verbo.
317 1349 389 1411 Etsi
404 1348 473 1412 sine
495 1372 529 1412 re
544 1350 636 1410 nulla
655 1349 704 1428 ris
724 1349 815 1412 verbi
838 1359 909 1428 est,
942 1358 1052 1409 tamen

63 1458 160 1518 eadem
179 1479 229 1520 res
244 1479 341 1541 saepe
361 1467 417 1518 aut
431 1455 588 1542 probatur
605 1468 662 1518 aut
677 1457 843 1542 rejicitur,
868 1457 932 1517 alio
949 1449 1051 1540 alque

63 1565 114 1623 alio
145 1565 231 1627 elata
261 1568 369 1650 uerbo.
421 1569 458 1628 lu
495 1567 713 1672 omnibusque
743 1568 840 1628 rebus
872 1557 1087 1636 vide'ndum‘,

64 1683 120 1750 est,
153 1668 327 1756 quatenus
369 1676 442 1738 Etsi
472 1675 558 1737 enim
587 1696 664 1736 suus
697 1675 816 1757 cuique
842 1673 956 1735 modus
978 1683 1048 1748 est,
1103 1677 1106 1686 '

63 1755 155 1842 taiuen
177 1783 278 1865 magis
300 1783 435 1844 offendit
453 1783 611 1860 nimium,
636 1805 734 1865 quam
753 1791 878 1864 parum,
921 1783 957 1842 ln
982 1801 1049 1864 quo

19 1887 21 1934 ἕ
63 1888 178 1970 Apelles
199 1891 342 1973 pictores
354 1905 492 1980 ¹quoque
511 1910 565 1953 eos
585 1912 722 1974 peecare
740 1890 880 1968 dicebat,
905 1891 962 1972 qui
982 1906 1065 1949 non·

19 1983 26 2068 ζ
64 1998 227 2072 sentirent,
250 1999 329 2080 quid
345 2010 430 2060 esset
446 1999 537 2060 satis.
556 2033 658 2088 -W—
702 2001 853 2084 Oportere
873 1998 1048 2078 perfectio-

64 2125 123 2164 nem
143 2106 286 2168 declarat
306 2107 423 2186 officii,
440 2129 524 2188 ,quo
540 2117 582 2168 ·et
610 2127 737 2188 semper
757 2107 917 2166 utendum
938 2080 988 2166 est
1015 2113 1047 2166 et

63 2215 218 2288 omnibns;
254 2217 382 2288 decere,
412 2215 505 2296 quasi
523 2223 633 2296 aptum
655 2235 745 2290 esse,
771 2225 1045 2274 consentaneum·

65 2343 114 2402 que
129 2323 268 2406 tempori
284 2332 317 2384 et
331 2345 506 2405 personae:
527 2321 623 2405 *quod
641 2299 744 2403 quum
761 2321 793 2383 in
812 2320 908 2382 factis
926 2320 1048 2402 saepis-

66 2429 146 2507 sime,
169 2442 239 2491 tum
257 2432 291 2492 in
309 2431 405 2492 dictis
418 2431 529 2508 ¹valet,
553 2431 587 2490 in
604 2429 699 2491 vultu
716 2429 871 2514 denique,
895 2439 927 2491 et
943 2439 1048 2510 gestu,

66 2547 89 2597 et
105 2539 234 2608 incessu
243 2567 252 2612 3
283 2549 464 2622 contraque
484 2539 562 2603 item
582 2537 749 2610 dedecere.
907 2523 910 2532 ¹

70 2740 396 2758 m

137 2899 202 2932 sona
227 2879 408 2955 judicabunt3
442 2881 520 2935 nobis
549 2891 642 2936 autem
669 2891 811 2954 personam
836 2882 966 2956 imposuit
992 2873 1050 2956 ipsa

136 2985 233 3028 natura
250 2995 347 3045 magna
365 2995 428 3030 cum
447 2977 612 3031 excellentia
630 2960 852 3050 praestantiaque
870 2981 1050 3032 animantium

138 3071 310 3142 reliquarum.
349 3072 485 3142 Quocirca
502 3083 600 3144 poetae
618 3074 647 3124 in
665 3093 759 3142 magna
778 3075 906 3127 varietate
922 3091 1051 3145 persona·

138 3184 210 3218 rum
216 3151 300 3220 eliani
318 3168 435 3234 vitiosis,
457 3169 524 3240 quid
539 3169 690 3224 conveniat
708 3159 735 3223 et
754 3170 822 3242 quid
839 3171 952 3232 deceat,
973 3167 1051 3223 vide-

138 3259 221 3330 bunt,
250 3261 328 3316 nobis
346 3273 437 3316 autem
454 3265 527 3334 (scil
542 3259 726 3337 philosophis)
743 3283 829 3338 quum
845 3284 859 3318 a
874 3273 970 3316 natura
985 3280 1050 3315 con·

139 3358 269 3421 stantiae,
295 3359 503 3423 moderationis,
528 3361 739 3430 temperantiae,
764 3360 946 3414 verecundiae
962 3368 1050 3428 partes

129 3451 218 3504 datae
232 3453 301 3517 sint,
322 3471 466 3526 quumque
480 3455 575 3508 eadem
589 3464 686 3506 natura
700 3453 813 3518 doceat,
834 3471 889 3505 nou
903 3451 1049 3519 negligere,

138 3549 367 3618 quemadmodum
384 3567 433 3602 uos
459 3549 586 3602 aduersus
612 3549 894 3618 homines‘geramus:
919 3546 1049 3613 efficitur,

139 3651 171 3694 ut
188 3653 217 3695 et
233 3643 321 3708 illud,
348 3645 424 3716 quod
442 3645 476 3696 ad
494 3663 602 3698 omnem
620 3643 791 3697 honestatem
809 3643 942 3714 pertipet,
967 3643 1051 3696 deco-

141 3753 215 3803 rum,
235 3757 317 3811 quam
333 3739 390 3793 late
407 3739 497 3795 fusum
513 3742 562 3806 sit,
583 3748 726 3812 appareat,
746 3748 776 3794 et
790 3737 861 3806 hoe,
877 3737 959 3811 'quod
973 3755 1051 3812 spec-

141 3839 214 3886 tetur
233 3834 267 3921 ἰιι
283 3853 338 3890 uno
359 3853 472 3909 quoque
493 3853 591 3904 genere
612 3835 739 3892 virtutisn
805 3820 809 3827 l
