2888 4876
489 439 626 510 ,M

585 549 758 664 ss,

492 804 494 814 .
553 750 578 831 ς·
621 753 671 822 12·
749 775 753 790 '

111 878 221 934 Cicero.
258 877 442 948 [Psueisrlms
465 887 548 946 sunt,
581 897 653 954 quae
678 883 708 936 iu
725 881 864 938 Ciceronis
886 881 963 938 libris
987 882 1023 939 de
1048 886 1123 973 artis
1160 887 1163 897 “

179 983 307 1056 (proprie
326 981 436 1054 dictae)
459 991 561 1038 natura
578 1000 611 1038 ue
628 985 827 1040 constitutione
847 983 1020 1044 disserentur.
1062 987 1112 1040 Di·

179 1087 284 1143 reuera
301 1088 423 1159 ejusden
441 1087 566 1145 definitio
584 1091 695 1144 omniuo
712 1089 912 1162 desideratur}

172 1285 259 1362 Ars,
293 1301 370 1346 oum
387 1287 704 1369 enaturaprol'ecta
725 1286 787 1362 sit,
818 1285 882 1347 uiri
906 1293 1111 1348 naturemo-
1180 1290 1182 1294 ’
1272 1282 1275 1308 ”

108 1401 187 1454 reat
203 1413 243 1452 ac
260 1391 420 1472 delectet,
445 1391 527 1456 nihil
549 1414 626 1456 sune
643 1393 747 1482 egisse
765 1393 907 1456 videtur.
949 1394 1112 1472 (Deerat.

108 1500 132 1561 l.
150 1501 207 1562 111.
227 1500 340 1576 odi.)
361 1535 403 1548 -
425 1537 464 1552 ν-
488 1537 526 1551 -μ
568 1500 631 1562 Ars
660 1522 737 1563 vero
765 1523 850 1585 quae
878 1509 989 1584 potest
1016 1519 1112 1579 esse,

109 1608 175 1670 nisi
194 1629 280 1690 quae
295 1627 361 1668 non
376 1629 415 1670 ex
427 1629 493 1669 una
511 1617 569 1670 sut
582 1607 728 1688 duobus,
752 1607 810 1686 sed
828 1631 868 1671 ex
882 1607 994 1670 multis
1010 1605 1113 1670 animi
1178 1627 1183 1641 ¹

109 1714 379 1800 perceptionibus
412 1712 566 1778 constat?
607 1719 696 1796 Quas
727 1716 756 1777 si
789 1717 1011 1795 subtraxeris,
1052 1715 1112 1800 qui

111 1821 292 1904 distingues
319 1823 478 1886 artificem
508 1826 548 1886 ub
576 1825 706 1887 inscio?
756 1825 837 1888 Non·
861 1825 947 1887 enim
975 1824 1113 1888 fortuito

109 1928 200 1990 lirino
222 1929 384 1993 artificem
405 1931 552 1995 dicemus
577 1953 669 2010 esse,
701 1931 796 1993 illum
817 1933 1028 2018 negabimus,
1057 1931 1115 1996 sed

112 2057 214 2118 quum
240 2037 381 2102 alterum
404 2050 558 2124 perceptu
579 2050 612 2102 et
633 2029 868 2124 comprehensa
889 2051 1003 2104 tenere
1024 2039 1116 2105 vide·

111 2165 200 2222 mus,
224 2145 364 2207 alterum
381 2168 448 2209 non
464 2147 552 2208 item.
595 2149 773 2229 Quumque
786 2148 907 2212 artium
922 2147 1013 2209 aliud
1027 2145 1116 2232 ejus-

113 2253 199 2314 modi
224 2276 327 2338 genus
355 2255 416 2332 sit,
456 2263 493 2316 ut
511 2251 736 2317 tantummodo
759 2254 869 2316 animo
888 2275 958 2316 rem
980 2262 1113 2328 oeruat3

118 2359 220 2440 aliud,
253 2374 293 2445 ut
319 2363 472 2424 moliatur
504 2360 633 2445 aliquid
660 2372 694 2424 et
719 2360 839 2438 faeiat,
870 2360 1117 2448 quomodo'uut

114 2481 290 2552 geometres
312 2491 500 2538 cernerem
518 2479 646 2556 potest,
670 2491 754 2554 quae
773 2477 830 2536 aut
847 2469 939 2538 nulla
960 2478 1039 2536 suut
1057 2477 1117 2538 out
1216 2519 1220 2524 .

111 2577 294 2641 internosci
316 2602 334 2638 a
352 2577 443 2644 salsis
463 2599 530 2641 nou
551 2588 712 2664 possunt;
744 2588 802 2642 sut
821 2577 878 2658 is,
914 2579 981 2663 qui.
994 2578 1115 2641 fidibus

111 2686 238 2768 utitur,
273 2686 403 2770 explere
421 2709 574 2750 numeros
596 2696 630 2750 et
653 2687 816 2752 conficere
836 2687 977 2768 versus?
1019 2685 1117 2766 Quod

111 2793 198 2856 idem
219 2794 254 2856 in
275 2794 436 2856 similibus
457 2785 591 2878 quoque
609 2795 733 2858 artibus
755 2795 944 2878 continget,
975 2815 1116 2878 quarum

111 2922 208 2964 orn-ue
228 2923 311 2986 opus
331 2903 431 2967 estin
450 2902 601 2965 faciendo
622 2914 722 2986 utque
740 2902 876 2986 agendo.
919 2903 1008 2981 Quid
1028 2902 1117 2966 enim

110 3019 184 3088 est,
214 3011 304 3094 quod
321 3022 390 3074 arte
407 2995 490 3073 effioi
508 3009 632 3094 possit,
664 2987 729 3074 uisi
748 3010 796 3090 is,
811 3047 812 3056 κ
830 3008 889 3092 qui
908 3020 1013 3072 artem
1028 3020 1117 3074 truo-

108 3109 213 3197 ὠὴ,
236 3117 563 3205 multoperoeperitl
608 3117 729 3197 (lead
755 3108 882 3201 quaesti
904 3115 927 3178 l.
951 3118 991 3178 11.
1020 3140 1048 3180 e.
1068 3121 1121 3202 7.)
1154 3155 1162 3168 =

112 3261 156 3280 «-
195 3228 318 3292 Natura
335 3227 428 3290 nulla
446 3238 516 3308 est,
539 3235 577 3306 ut
596 3225 679 3289 mihi
693 3224 841 3304 videtur,
864 3245 949 3308 quse
972 3221 1038 3286 nou
1056 3224 1118 3284 ha-

109 3335 190 3398 beat
204 3335 239 3397 in
255 3357 315 3398 suo
331 3346 449 3420 genere
462 3357 515 3398 res
534 3334 740 3419 complures,
768 3332 942 3395 dissimiles
958 3331 1046 3394 iuter
1060 3351 1116 3408 ser

112 3464 201 3526 quae
219 3453 328 3508 tamon
346 3443 512 3508 consimili
532 3443 629 3508 laude
649 3435 843 3525 digrienlurr·
878 3441 962 3502 Num
980 3448 1015 3502 et
1028 3438 1120 3500 suri·

110 3551 177 3616 bus
197 3551 301 3614 mrilta
319 3551 539 3636 percipimus,
561 3571 665 3634 quae,
689 3549 752 3612 etsi
771 3570 831 3616 nos
852 3545 988 3612 vocibus
1007 3546 1120 3610 deleo·-

111 3668 211 3738 taut‚
232 3670 343 3722 tamen
363 3659 407 3720 its
426 3669 504 3722 sunt
521 3659 612 3722 varia
630 3679 747 3742 saepe,
770 3666 808 3719 ut
824 3656 878 3737 id,
901 3656 991 3741 quod
1008 3654 1121 3742 proxi-

112 3788 207 3828 mum
226 3764 361 3845 audias,
382 3765 659 3851 jucundissimum
680 3787 751 3828 esse
770 3757 940 3828 videatur:
962 3773 997 3827 et
1013 3759 1119 3826 oculis

115 3856 322 3958 colliguntur
337 3897 440 3960 paene
453 3872 706 3945 innumerabiles
727 3871 932 3955 voluptates,
957 3892 1041 3956 quae
1059 3889 1120 3930 nos
1198 3905 1205 3923 r
1250 3937 1254 3962 ,

114 3983 166 4049 ita
185 3983 344 4068 capiunt,
366 3996 405 4047 ut
422 4006 526 4050 unum
546 4003 680 4050 sensum
699 3979 853 4044 dissimili
872 3999 990 4064 genere
1011 3976 1122 4038 deleo·
1147 4031 1150 4036 .

114 4100 211 4154 tent:
234 4100 267 4154 et
281 4091 427 4176 reliquos
445 4111 561 4156 seusus
577 4091 761 4174 voluptates
779 4088 948 4153 oblectant
963 4085 1120 4169 dispares,

119 4207 160 4264 ut
179 4199 223 4264 sit
244 4197 375 4264 difficile
398 4199 559 4291 judicium
578 4196 770 4264 excellentis
789 4195 927 4264 maximo
942 4190 1120 4258 suavitatis
