2902 4866
582 429 666 504 tos

122 629 272 698 ordinem
290 639 379 693 recte
394 627 585 713 disponeres
607 601 805 712 quamquam
826 627 887 692 ista
909 628 975 692 siut
995 625 1122 712 praeci·

121 761 186 822 pua
195 764 207 798 ι
234 736 291 800 sed
310 737 390 820 quid
413 758 543 820 quoque
564 737 639 798 loco
657 737 799 820 primum
819 736 863 798 sit
883 757 920 796 ac
942 733 1125 798 secundum

123 857 156 908 ct
174 844 348 928 deinceps:
371 867 453 928 quae
470 846 522 905 ita
532 857 610 907 sunt
626 856 744 926 natura
758 844 929 928 copulata,
952 853 990 906 ut
1005 842 1125 904 mutari

124 963 181 1016 aut
208 953 418 1015 intervelli
393 974 463 1016 sine
490 953 684 1015 confusione
703 973 769 1014 non
787 953 925 1035 possint.
965 952 1122 1060 Quisquis

124 1072 233 1122 autem
261 1061 314 1122 via
341 1061 453 1140 dicet,
491 1061 633 1141 ducetur
662 1071 739 1123 ante
773 1060 882 1123 omnia
914 1049 1024 1127 rerum
1057 1059 1135 1142 ipsa

125 1169 229 1247 serie,
261 1169 352 1230 velut
378 1167 479 1230 duce:
510 1179 648 1251 propter
665 1166 753 1250 qnod
770 1167 919 1229 homines
939 1167 1038 1229 etiam
1057 1187 1128 1226 mo-

125 1275 199 1370 dice
215 1275 384 1342 exercitati
400 1277 557 1338 facillime
577 1287 725 1338 tenorem
742 1275 776 1336 in
797 1256 1038 1338 narrationibus
1059 1296 1130 1370 ser-

124 1365 233 1448 ιιιιιι.Ι
255 1385 401 1462 Deinde,
428 1384 510 1467 quid
531 1403 664 1467 quoque
687 1383 762 1446 loco
788 1392 967 1466 quaerant,
999 1364 1143 1456 scient,

126 1514 187 1555 nec
198 1491 540 1575 circumspectabunt,
556 1491 846 1574 necoffercntibus
858 1512 892 1552 se
891 1491 1041 1552 aliunde
1058 1512 1131 1552 sen·

126 1600 217 1662 sibus
236 1600 468 1676 turbabuntur,
488 1621 551 1662 nec
571 1593 779 1660 confundent
796 1617 835 1658 ex
853 1597 993 1659 diversis
1011 1597 1130 1665 oratio·
1177 1648 1181 1656 .

127 1729 225 1783 nem,
259 1707 352 1768 velut
369 1705 524 1768 salientes
541 1706 607 1766 huc
626 1705 707 1765 illuc
729 1723 791 1766 nec
810 1725 949 1786 usquam
973 1705 1131 1767 insisten-

127 1827 186 1878 tes,
226 1813 590 1879 ‘Postremclaahebunt
614 1813 747 1874 modum
769 1794 802 1876 et
827 1813 1037 1908 finemuqni
1057 1833 1131 1875 esse
1175 1885 1177 1895 A
1217 1840 1223 1865 ι

128 1924 212 1986 citra
239 1923 433 1986 divisionem
461 1922 571 1984 nullus
601 1930 721 2003 potest.
770 1909 917 2003 Expletis
941 1941 999 2002 pro
1024 1920 1131 1982 facul·

128 2041 197 2094 tate
215 2031 388 2108 omnihus,
429 2021 790 2113 quaeproposuerint3
824 2028 1013 2110 pervenisse
1036 2050 1070 2090 se
1090 2029 1131 2090 ad

129 2139 285 2202 ultimum
304 2136 460 2202 sentient.
577 2215 579 2222 Ι
896 2153 898 2158 ’

183 2251 233 2320 ¹Et
255 2247 337 2330 haec
360 2243 494 2327 quidem
513 2265 557 2308 ex
578 2259 672 2318 ινιτ,
704 2243 760 2304 illa
778 2265 916 2308 vero'cx
933 2243 1062 2306 stadio.-
1093 2252 1131 2306 ut

81 2373 85 2392 “
129 2355 258 2444 copiam
278 2352 437 2416 sermonis
459 2353 613 2437 optimi,¹
630 2352 903 2437 quemadmodum
919 2363 1164 2437 praeceptum)
1258 2436 1260 2440 Ι

129 2475 199 2539 est,
237 2482 480 2549 comparemus;
522 2460 627 2523 multo
644 2483 683 2522 ac
702 2453 790 2522 fideli
812 2458 888 2522 stilo
907 2461 954 2522 sic
970 2463 1131 2524 formetur

89 2561 94 2574 “
129 2570 251 2647 oratio,
285 2580 333 2630 ‘ut
354 2567 724 2652 'scriptorum-colorem
747 2567 866 2650 etiami,
913 2589 995 2650 quae
1021 2568 1132 2630 sabito
1163 2587 1165 2592 ⁴

129 2678 230 2740 effusa
262 2687 362 2753 sunt,
396 2676 554 2738 reddant:
588 2685 627 2738 ut
654 2697 730 2736 eum
755 2675 861 2734 multa·
885 2657 1129 2759 scripserimus,
1248 2659 1250 2666 ¹

130 2783 227 2844 etiam
245 2805 343 2865 quam
360 2783 463 2844 multa
482 2782 638 2844 dicamus.
680 2773 763 2843 Nam
778 2784 970 2851 consuetudo
985 2796 1019 2846 et
1037 2805 1131 2847 exer·
1158 2761 1159 2766 ¹
1226 2763 1227 2768 ἵ

129 2894 238 2950 citatio
262 2891 456 2954 facilitatem
482 2891 618 2952 maxime
643 2876 743 2973 parit:
783 2911 865 2973 quae
893 2891 920 2952 si
947 2892 1130 2974 paullulum

131 2997 316 3082 intermissa
342 2997 461 3076 luerit,
496 3021 559 3060 non
577 2987 747 3076 'velucitus
772 2998 828 3059 illa
849 3000 945 3077 modo
967 3001 1127 3078 tardatur,

130 3102 222 3164 sed'
214 3125 321 3208 ipsum
350 3126 386 3166 os
418 3127 550 3190 quoque
577 3090 754 3169 concurrit.
809 3108 1015 3189 Quamquam
1041 3109 1128 3172 enim
1223 3181 1249 3199 ι,

130 3232 211 3294 opus
238 3222 287 3272 est
307 3213 446 3275 naturali
473 3213 611 3318 quadam
633 3213 812 3275 mobilitate
838 3215 956 3335 papinii,
990 3224 1027 3275 ut
1050 3216 1129 3287 dum

129 3320 273 3402 proxima
291 3321 449 3399 dicimus,
474 3331 600 3383 struere
613 3323 771 3384 ulteriora
785 3343 960 3406 possimus,
984 3344 1128 3406 semper-

129 3453 194 3512 que
211 3439 354 3491 nostram
372 3453 486 3492 vocem
511 3429 639 3513 prouisa
656 3442 689 3492 et
705 3433 842 3490 formata
866 3431 1019 3514 cogitatio
1040 3431 1128 3492 exci-
1151 3475 1155 3483 ,

126 3536 213 3618 piat:
237 3518 292 3626 viu
307 3545 415 3622 tamen
435 3547 490 3596 ιιιιι
509 3547 622 3597 natura
642 3547 697 3596 aut
718 3537 801 3598 ratio
818 3537 850 3630 in
871 3547 936 3597 tam
955 3536 1126 3620 multiplex

128 3643 269 3705 officinm
290 3632 468 3706 diducere
463 3646 607 3722 animum
626 3655 740 3728 quea‚1t
770 3631 1026 3721 utinventioni‚
1059 3639 1127 3706 dis-

127 3752 303 3834 positioni,
319 3751 510 3848 elocutioni,
534 3753 642 3813 ordini
656 3774 765 3816 rerum
781 3753 1031 3836 verborumque,
1055 3764 1126 3814 tum

128 3860 191 3936 iis,
226 3881 308 3942 quae
331 3860 434 3938 dicit,
469 3882 552 3940 quae
578 3857 811 3942 subjuncturus
834 3871 901 3936 est,
936 3880 1019 3942 quae
1040 3851 1127 3940 ultra

128 3977 220 4050 spect
208 3968 304 4027 tanda
327 3953 593 4064 sunt,tadl1ihiia
610 3967 723 4040 vocis,
747 3967 1049 4048 pronunciationis,
1073 3985 1128 4050 ge·
1201 3968 1204 3976 '

70 4108 76 4124 ι
130 4085 199 4136 stus
227 4077 475 4150 observatione,
506 4033 571 4140 uria
599 4073 746 4136 sufficiat.
790 4076 899 4157 Longe
925 4077 1011 4136 enim
1035 4099 1128 4158 prae·

888 4191 928 4247 30
