2814 4872
520 421 523 426 ¹
607 399 685 498 iet
759 383 763 406 '

146 613 295 690 πλησίον
322 617 434 682 ἐστὶν·
472 617 566 694 οἷον,
602 619 749 694 πλοῦτος
778 620 836 682 καὶ
872 619 1009 724 κάλλοςι
1022 622 1171 714 μᾶλλον,

149 723 276 806 ὑγιείας
295 724 330 802 *t
874 717 876 722 ’

588 909 612 989 §-
653 912 706 976 28.

175 1047 224 1111 De
247 1047 366 1127 modo,
390 1069 457 1134 quo
479 1047 514 1110 in
536 1047 676 1112 dicendo
699 1049 835 1111 effectus
857 1023 1022 1112 tractandi
1045 1049 1121 1112 sint.

448 1243 546 1296 Cicero
587 1241 642 1316 (dc
666 1248 732 1297 orat.
754 1194 773 1296 l.
799 1239 854 1311 11.)

205 1365 313 1452 Atqui
343 1366 370 1440 si
406 1367 459 1458 itu³
480 1367 606 1452 placet,
638 1367 1064 1466 trademueetiumsquue
1090 1391 1150 1434 nos

145 1475 239 1558 sequi
272 1473 397 1554 (scilic.
428 1475 516 1542 circa
541 1477 719 1540 movendos
746 1479 900 1556 affectus)
926 1479 959 1540 in
986 1478 1149 1558 dicendo,

145 1603 301 1666 quaeque
320 1582 456 1646 maxime
475 1593 623 1668 spectare
642 1584 796 1646 solemus.
830 1587 960 1683 ¹Docuit
981 1585 1151 1672 enirn'jum
1248 1651 1252 1670 ⁶

145 1711 203 1752 nos
222 1691 323 1774 longa
337 1691 405 1752 vite
419 1713 565 1775 ususque
580 1714 690 1756 rerum
704 1692 934 1772 maximarum,
958 1706 1007 1775 ut,
1030 1695 1150 1778 quibus

144 1800 240 1862 rebus
263 1799 364 1862 animi
387 1800 557 1864 hominum
578 1812 809 1880 moverentur,
831 1811 1028 1868 teneremus.
1050 1807 1098 1884 (c.
1113 1803 1150 1866 L.
1183 1827 1187 1840 ·

143 1908 166 1989 s·
184 1907 306 1986 aon.

201 2013 370 2098 Equidem
403 2016 547 2098 primum
580 2016 788 2080 considerare
820 2014 930 2094 soleo,
961 2016 1150 2100 postuletne
1183 2093 1187 2100 ι

145 2143 257 2202 censu.
298 2122 505 2206 Numpurvis
523 2121 557 2184 in
574 2124 671 2184 rebus
690 2123 891 2186 adhibendae
907 2145 972 2184 non
995 2135 1073 2186 sunt
1088 2123 1150 2186 hue

145 2229 280 2293 dicendi
303 2231 415 2307 faces,
451 2251 493 2292 ne
520 2229 671 2292 irrisione
697 2229 787 2314 digni
812 2240 984 2313 putemur,
1024 2230 1052 2290 si
1081 2240 1150 2294 tra-

143 2339 277 2421 goedias
302 2358 433 2422 agamus
454 2337 487 2398 in
506 2336 617 2420 nugis.
637 2373 679 2384 —-
721 2337 885 2399 Sentimus
906 2357 1049 2398 amorem
1068 2359 1150 2398 con-

143 2446 275 2526 ciliari,
299 2448 326 2508 si
346 2447 379 2508 id
395 2445 543 2525 videare,
568 2445 656 2530 quod
674 2442 821 2508 sit‘ntile
840 2445 940 2529 ipsis,
962 2446 1047 2530 apud
1065 2466 1148 2529 quoe

143 2577 241 2639 agas,
265 2554 439 2618 defendere
449 2561 462 2628 3'
483 2555 510 2616 si
527 2565 583 2619 aut
599 2577 659 2638 pro
678 2555 882 2633 homericis,
907 2565 963 2617 aut
980 2559 1069 2618 certe
1088 2576 1148 2637 pro
1243 2568 1244 2576 ’

143 2663 208 2745 iis,
241 2662 298 2748 qui
316 2663 380 2724 illis
400 2662 480 2724 boni
497 2673 596 2746 atque
622 2661 719 2736 utiles
743 2663 828 2744 sint,
850 2643 1008 2726 liberere.
1050 2664 1151 2726 Nam·

146 2773 319 2858 quehaec
343 2793 394 2834 res
426 2793 568 2836 amorem
593 2771 694 2854 magis
723 2756 900 2851 conciliat,
935 2772 990 2832 illa
1015 2771 1148 2833 virtutis

146 2881 294 2946 defensio
321 2881 510 2958 caritatem3
543 2879 685 2963 plusque
716 2879 865 2962 proficit,
897 2881 923 2939 si
952 2880 1151 2962 proponitur

147 2971 221 3074 spes
240 2988 392 3051 utilitatis
412 2989 562 3066 futurae,
587 2989 684 3070 quum
702 2985 871 3069 praeteriti
890 2987 1043 3048 beneficii
1066 3009 1150 3048 com·

147 3097 348 3160 memoratio.
390 3096 590 3158 Enitendum
611 3107 679 3174 est,
712 3104 750 3154 ut
772 3093 947 3171 ostendes,
978 3093 1012 3152 in
1036 3105 1074 3156 ea*
1093 3113 1148 3171 re3

149 3227 248 3289 quum
261 3203 433 3282 defendas,
457 3215 514 3267 eut
528 3203 856 3288 dignitatem'inesse,
879 3209 936 3262 aut
952 3199 1146 3276 utilitatem

149 3333 308 3395 eumque,
333 3312 385 3374 cui
405 3311 562 3374 concilies
578 3311 666 3384 hunc
681 3333 840 3388 umorem,
865 3298 1148 3391 significes‚‘nihil

149 3420 191 3482 ad
207 3421 384 3482 utilitatem
403 3441 494 3482 suum
511 3419 681 3500 retulisse,
707 3427 753 3480 u'c
774 3417 856 3480 nihil
878 3416 1011 3480 omnino
1028 3416 1148 3478 fecisse

155 3595 511 3614 mun-unum

183 3683 209 3758 *)
236 3673 393 3743 Aemulatio
411 3693 505 3736 autern
524 3683 673 3756 dupliciter
690 3681 740 3736 illa
759 3682 872 3756 quidem
889 3680 1004 3748 dicitur,
1025 3690 1057 3734 ut
1073 3688 1101 3734 et
1116 3679 1147 3734 in

234 3779 318 3834 laude
336 3781 409 3833 etin
425 3779 494 3833 vitio
509 3795 609 3832 nomen
625 3777 677 3830 hoc
695 3778 740 3839 sit.
774 3778 842 3829 Nam
861 3787 889 3830 et
905 3778 1022 3831 imitatio
1038 3775 1146 3829 virtutis
1231 3791 1233 3800 ¹

236 3873 385 3930 aemulatio
401 3876 515 3928 dicitur:
533 3871 582 3928 ied
599 3872 714 3927 cunihil
730 3872 862 3926 hocloco
881 3873 996 3942 utimur;
1017 3880 1057 3926 est
1074 3870 1147 3924 enim
1167 3859 1175 3878 ‘

235 3971 338 4024 laudis:
358 3979 386 4024 et
401 3979 443 4040 est
457 3969 607 4024 aemulatio
622 3961 785 4038 aegritudo‚'
799 3969 821 4021 si
838 3986 888 4035 eo,
908 3969 983 4042 quod
997 3965 1146 4036 concupie-

132 4053 147 4108 Ι·
235 4067 287 4134 tit,
306 4067 377 4121 alius
393 4065 530 4140 potiatur,
549 4065 608 4142 ipsc
624 4073 723 4120 careat
759 4063 838 4136 (Cic.
851 4064 870 4120 l.
887 4081 910 4120 c.
925 4064 946 4122 l.
964 4063 1007 4119 IV,
1027 4080 1049 4128 c·
1066 4057 1111 4128 8)
