2890 4866
796 363 886 486 'eoo

402 609 516 668 lienam
529 609 675 693 repetitio
695 618 729 670 et
744 607 974 690 congregatio,
1014 630 1110 691 quae
1129 608 1259 669 Graece
1278 604 1352 665 dici·

342 723 397 776 tur
415 715 732 796 ἀνακεφαλαίωσις,
752 739 771 776 a
790 715 984 798 quibusdam
1009 715 1219 778 Latinorum
1237 733 1352 774 enume-

340 824 445 896 ratio,
488 831 521 890 et
544 824 732 884 memoriam
753 821 873 906 judicis
897 822 1029 900 reficit,
1074 833 1110 885 et
1132 834 1241 884 totam
1262 819 1353 882 simul

340 950 473 992 causam
503 931 598 1014 ponit
623 941 699 994 ante
727 932 863 1010 oeulos,
897 940 948 1008 et,
979 931 1125 992 etiarnsi
1149 953 1213 1013 per
1236 927 1355 1010 singula

339 1038 448 1100 minus
470 1048 639 1117 moverat,
669 1041 764 1102 turba
785 1040 881 1102 valet.
923 1042 961 1100 ln
988 1038 1081 1117 hae,
1117 1061 1208 1121 quae
1234 1047 1354 1118 repete-

339 1168 427 1222 mus,
448 1169 547 1229 quam
564 1148 756 1210 brevissime
773 1149 912 1210 dicenda
930 1157 1023 1225 suut,
1049 1160 1099 1227 et,
1124 1147 1220 1230 quod
1235 1149 1354 1206 Graeco

338 1254 439 1315 verbo
454 1265 557 1335 patet,
581 1255 822 1333 decurrendum
836 1278 896 1343 per
909 1259 1028 1340 capita.
1075 1259 1184 1335 Nam,
1208 1256 1238 1316 si
1253 1272 1356 1314 mora·

338 1361 465 1437 bimur,
499 1382 565 1422 uon
593 1360 657 1445 jam
684 1364 912 1442 enumeratio,
944 1364 1003 1426 sed
1030 1365 1135 1447 quasi
1168 1363 1274 1424 altera
1302 1360 1354 1419 fiet
1422 1421 1423 1436 χ

338 1466 454 1528 oratio.
497 1471 589 1548 Quae
604 1480 714 1532 autem
731 1471 952 1532 enumeranda
970 1471 1155 1548 ridentur,
1182 1494 1260 1533 curn
1277 1489 1356 1552 pon-

338 1569 418 1636 dere
438 1573 552 1656 aliquo
572 1576 711 1638 dicenda
732 1590 831 1656 sunt,
864 1589 898 1640 et
916 1579 1001 1661 aptis
1022 1580 1209 1642 excitanda
1226 1587 1356 1640 senten·
1376 1637 1380 1650 ,

339 1680 395 1742 tiis
417 1692 451 1744 et
468 1681 577 1765 figuris
598 1685 715 1767 ntique
731 1685 903 1758 varianda:
936 1687 1063 1770 alioqui
1087 1688 1177 1748 nihil
1199 1699 1252 1748 est
1266 1684 1355 1746 odio·

318 1788 409 1852 ‚rius
432 1799 525 1852 recta
551 1791 607 1852 illa
632 1791 847 1874 repetitione,
881 1794 972 1857 velut
999 1797 1187 1858 memoriae
1209 1793 1353 1878 judicum

338 1896 527 1960 diffidentis.
567 1901 652 1963 Sunt
669 1911 777 1962 autem
800 1902 1075 1964 innumerabilem
1109 1905 1307 1986 optimeque
1324 1899 1354 1957 iu

339 2005 475 2070 Verrem
495 2007 632 2084 Cicero,
665 2010 704 2070 Si
715 2023 807 2092 pater
823 2014 889 2095 ipse
905 2010 1089 2094 judicaret,
1112 2034 1199 2100 quae
1219 2012 1354 2078 diceret,

338 2134 433 2199 qurrm
457 2115 534 2176 haec
555 2119 790 2200 probarentur?
820 2128 852 2180 et
875 2118 993 2180 deinde
1011 2119 1161 2204 subjecit
1183 2135 1355 2182 enumera·

342 2221 486 2284 tionem:
519 2236 595 2302 aut,
618 2249 721 2309 quum
741 2226 827 2288 idem
846 2227 879 2288 in
904 2228 1067 2305 eundem,
1091 2253 1156 2312 per
1172 2222 1352 2290 invocatio-

341 2349 418 2391 nem
440 2330 577 2394 deorum
598 2337 735 2416 spoliata
756 2359 776 2395 a
800 2350 947 2421 praetore
970 2339 1085 2420 templa
1112 2337 1306 2398 dinumerat
1318 2331 1352 2406 ¹)-

341 2436 436 2500 Licet
454 2447 487 2499 et
507 2438 681 2519 dubitare,
714 2465 794 2503 num
812 2443 893 2527 quid
911 2465 975 2504 nos
998 2445 1141 2527 fugerit:
1184 2455 1242 2522 et,
1274 2433 1351 2523 quid

340 2545 530 2627 responsuri
549 2547 616 2608 siut
635 2541 813 2610 adversarii
834 2550 884 2611 his
903 2551 1018 2613 ethis:
1042 2563 1112 2632 aut,
1138 2575 1243 2636 quam
1263 2565 1350 2630 spem

340 2664 514 2714 accusator
534 2652 652 2716 habeat
669 2657 821 2718 omnibus
845 2659 890 2718 ita
911 2658 1063 2720 delensis.
1107 2662 1171 2721 llla
1196 2679 1276 2722 vero
1300 2652 1349 2737 jn·

300 2787 306 2794 ·
339 2759 558 2838 eundissima,
583 2761 610 2821 si
624 2763 794 2846 contingat
810 2764 946 2848 aliquod
963 2749 1001 2828 ex
1019 2745 1211 2830 adlersario
1231 2767 1348 2827 ducere

339 2881 583 2952 argumentum:
607 2881 664 2948 ut,
688 2873 716 2933 si
735 2873 848 2952 dieas,
878 2877 1017 2963 Reliquit
1032 2899 1110 2940 vero
1127 2881 1214 2940 hanc
1228 2887 1346 2963 partem

339 2996 474 3052 causae,
498 2991 578 3056 aut,
610 2981 742 3044 Invidia
755 3003 896 3066 premere
913 2987 1025 3046 maluit
1031 3011 1044 3056 ;
1066 2995 1144 3064 aut,
1168 2986 1227 3048 Ad
1239 2997 1345 3068 preces

339 3083 499 3168 confugit;
519 3101 550 3148 et
566 3092 691 3162 merito,
711 3113 805 3176 quum
821 3071 915 3152 seiret
930 3094 1007 3154 lraec
1021 3107 1050 3154 et
1063 3097 1151 3155 haec.
1194 3092 1261 3156 Sed
1280 3105 1343 3150 non

338 3201 418 3254 sunl
439 3195 586 3277 singulae
606 3198 731 3282 species
749 3199 1017 3280 persequendae,
1050 3223 1092 3264 ne
1111 3201 1180 3262 sola
1211 3199 1343 3262 videan-

338 3310 414 3379 tur,
439 3324 523 3386 quae
542 3306 628 3366 sorte
650 3327 739 3368 nunc
758 3305 885 3381 diner03
922 3327 1023 3390 quum
1041 3309 1235 3373 occasiones
1255 3314 1342 3366 etex

338 3409 469 3488 causis,
492 3424 578 3476 etex
600 3413 698 3475 dietis
719 3412 1001 3494 adversariorum,
1036 3423 1069 3477 et
1091 3438 1131 3478 ex
1149 3413 1341 3498 quibusdam

337 3517 485 3582 fortuitis
511 3543 645 3606 quoque
672 3523 834 3586 oriantur:
872 3525 940 3586 Nec
965 3525 1136 3587 referenda
1160 3525 1257 3587 modo
1284 3539 1340 3582 uo·

339 3632 428 3702 stra,
468 3628 525 3692 sed
547 3619 782 3712 postulandum
806 3631 903 3694 etiam
928 3633 967 3694 ab
992 3631 1207 3707 adversariis,
1241 3641 1279 3692 ut
1301 3621 1339 3684 ud

340 3733 498 3810 quaedum
515 3736 745 3820 respondeant.
789 3736 826 3802 ld
842 3751 963 3818 autern,
987 3741 1014 3802 ei
1030 3751 1063 3803 et
1076 3741 1214 3803 actionis
1233 3754 1339 3821 super·

340 3837 402 3900 erit
432 3838 548 3920 locus,
582 3857 614 3908 et
641 3869 678 3908 eu
707 3846 994 3932 propopuerimus,
1029 3871 1111 3934 quae
1140 3849 1245 3913 refelli
1275 3861 1336 3906 non

339 3955 484 4030 possunt.
527 3949 608 4010 Nam
624 3975 822 4036 provocare,
846 3976 929 4039 quae
943 3956 1021 4020 iude
1039 3960 1107 4021 siut
1126 3958 1244 4036 sortia,
1275 3969 1337 4012 non

341 4097 360 4104 ·-
373 4094 673 4110 .-.--n-n--»--nb=—=n-ffl-

381 4169 406 4240 a)
424 4170 520 4223 ,0103st
537 4171 565 4222 iu
580 4171 653 4225 Verr.
668 4171 700 4228 V.
720 4194 743 4227 a.
764 4185 793 4229 et
809 4189 833 4230 c.
849 4194 890 4247 υ.
