2902 4866
564 365 679 458 469*

102 587 215 641 tamen
245 579 445 656 deliberare,
486 599 553 641 uon
586 579 747 642 haesitare
780 579 957 642 videamur.
1011 580 1101 654 Hoc,

102 687 183 748 dum
204 687 387 770 egredimur
405 709 422 750 e
438 697 558 771 portu,
592 688 620 748 si
641 709 700 748 nos
724 687 870 749 nondum
889 679 1101 771 aptatis'satis
1186 708 1188 712 ·

102 795 313 858 armamentis
334 805 406 880 aget
421 807 557 860 ventus:
580 787 698 858 deinde
715 795 884 880 paullatim
905 795 1003 857 simul
1022 815 1103 857 eun·

102 915 155 966 tes
179 899 360 986 aptabimus
376 904 447 966 vela
467 910 500 967 e't
519 905 729 989 disponemus
748 903 904 966 rudentes
920 911 954 966 et
973 901 1104 992 impleri

101 1012 198 1074 sinus
218 1011 411 1096 optabimus.
454 1013 491 1074 ld
504 1013 626 1097 potius,
652 1035 750 1096 quam
768 1035 802 1075 se
823 1013 913 1074 inani
931 1007 1105 1073 verbb'rum

102 1121 247 1184 torrenti
266 1120 362 1202 dare,
385 1121 477 1206 quasi
495 1122 756 1206 tempestatibus,
777 1143 843 1206 quo
866 1115 991 1202 volent,
1012 1121 1104 1183 aufe-

69 1229 253 1293 rendum·
626 1204 630 1216 Ι
734 1232 738 1241 '
822 1297 855 1316 Ιχ
990 1301 1000 1314 Β
1095 1218 1126 1246 ”

166 1339 230 1402 Sed
256 1361 321 1402 nou
352 1341 478 1403 minore
506 1339 615 1402 studio
642 1341 826 1404 continetur·
839 1339 920 1402 haee
946 1337 1102 1417 facultas,

101 1469 204 1530 quam
220 1459 361 1531 paratur.
404 1450 466 1508 Ars
485 1449 573 1510 enim
587 1439 686 1510 semel
704 1459 857 1542 percepta
877 1469 943 1520 ¹nou
964 1447 1103 1510 labitur:

101 1554 201 1618 stilus
231 1577 363 1638 quoque
384 1554 627 1635 intermissione
648 1554 834 1638 paullulum
862 1555 1037 1616 admodum
1064 1554 1105 1616 de

102 1663 273 1726 eeleritate
292 1663 453 1746 deperdit:
476 1674 641 1745 promtum
654 1661 718 1724 hoc
739 1671 771 1724 et
790 1663 823 1722 ih
844 1662 995 1745 expedito
1014 1663 1105 1750 posi-

102 1785 175 1832 tum
201 1752 433 1834 exercitatione
457 1771 526 1832 sola
547 1771 745 1832 continetur.
788 1772 856 1833 Hac
882 1770 932 1832 uti
954 1769 1001 1831 sic
1023 1769 1105 1852 opti·

102 1903 194 1940 mum
211 1874 280 1956 est,
317 1891 352 1942 ut
375 1877 523 1960 quotidie
544 1874 690 1939 dicamus
712 1857 920 1940 audientibus
939 1874 1103 1960 pluribus,
1181 1880 1185 1907 ¹

103 1989 242 2050 maxime
259 1987 298 2049 de
316 2009 457 2070 qaorum
475 1986 575 2047 simus
596 1979 719 2068 judicie
740 1998 840 2068 atque
858 1985 1014 2070 opinione
1038 1985 1106 2046 sol·

88 2092 210 2156 ¹liciti:
232 2117 342 2155 rarum
359 2105 408 2156 est
428 2093 532 2168 enirn,
570 2102 606 2152 ut
628 2093 707 2153 satis
729 2115 764 2156 se
785 2093 926 2176 quisque
942 2101 1104 2158 vereatur.

103 2202 167 2262 Vcl
196 2201 255 2263 soli
285 2213 393 2262 tamen
429 2199 574 2260 dicamus
603 2199 713 2282 potius
744 2221 842 2280 quam
869 2199 1004 2260 omuino
1036 2219 1102 2260 uon

16 2338 18 2346 ¹
101 2309 264 2371 dicamus.
306 2309 366 2368 Est
384 2305 440 2367 illa
460 2291 649 2369 exercitatio
671 2303 836 2390 cogitandi
858 2315 1020 2389 totasque
1035 2329 1104 2366 ma·

102 2417 206 2478 terias
238 2411 297 2477 vel'
318 2412 450 2476 silentio
478 2415 576 2494 (dum
598 2423 707 2476 tamen
733 2415 827 2497 quasi
850 2414 937 2476 dicat
961 2413 1048 2476 intra
1069 2435 1103 2478 se

101 2523 232 2605 ipsum)
260 2521 497 2608 persequendi,
529 2544 613 2605 quae
638 2522 730 2584 nullo
755 2538 821 2584 uon
850 2532 882 2585 et
906 2531 1055 2606 tempore
1071 2531 1104 2584 et

101 2630 200 2710 loco,
231 2631 363 2713 quando
379 2652 446 2694 nou
465 2630 555 2691 aliud
571 2630 714 2714 agimus,
744 2631 901 2714 explicari
916 2640 1041 2717 potest:
1071 2638 1105 2692 et

102 2739 203 2800 estin
222 2750 313 2822 parte
333 2723 466 2832 utilior,
493 2761 591 2824 quam
608 2739 690 2802 baec
709 2741 866 2822 proxima.
907 2739 1105 2822 Diligentius

60 2828 63 2844 Ι
103 2847 194 2914 cuim
220 2847 447 2929 componitur,
476 2867 575 2930 quam
595 2845 675 2925 illa,
699 2831 733 2907 in
760 2831 1035 2930 qua'contextum
1056 2847 1106 2906 di-

104 2955 204 3017 cendi
219 2954 435 3016 intermittere
453 2973 613 3018 veremur.
656 2956 781 3028 Rursus
800 2953 833 3012 iu
850 2954 912 3012 alia
927 2953 1001 3035 plus
1015 2953 1105 3036 prior

104 3065 254 3140 confert,
288 3061 380 3122 vocis
405 3061 610 3139 firmitatem,
641 3060 708 3128 orie,
733 3061 948 3138 facilitatem,
980 3069 1104 3122 motum
1159 3071 1161 3074 '

104 3170 272 3254 eorporis,
305 3167 362 3250 qui
381 3177 414 3230 et
433 3166 525 3250 ipse,
560 3177 598 3228 ut
617 3167 702 3244 dixi,
736 3167 858 3252 excitat
883 3175 1045 3230 oratorem
1071 3153 1115 3228 et'

8 3333 13 3340 .
101 3256 281 3366 jactatione
302 3297 429 3351 manue,
451 3275 543 3358 pedis
562 3275 785 3358 supplosione,
810 3274 897 3336 sicut
916 3274 1019 3367 cauda
1039 3275 1110 3335 leo·-

84 3389 289 3456 ‘mesfacere
309 3381 481 3460 dicuutur,
504 3383 663 3444 hortatur.
705 3381 909 3444 studendum
927 3403 1001 3442 vero
1019 3403 1103 3442 sern-

103 3517 163 3580 per
190 3505 222 3556 et
243 3492 375 3576 ubique.¹
416 3492 527 3574 Neque
552 3490 639 3574 enim
668 3491 736 3552 fere
759 3501 823 3552 tam
846 3499 895 3551 est
924 3489 1011 3548 ullus
1032 3489 1101 3550 dies
1196 3525 1202 3536 ι

102 3611 305 3686 occupatus,
338 3611 375 3688 ut
401 3599 482 3660 nihil
509 3599 787 3676 lucrativae'sut
820 3596 935 3662 Cicero
964 3597 1101 3656 Brutum
1123 3613 1140 3644 n

102 3703 213 3782 lacere
231 3709 331 3772 tradit
351 3709 399 3786 Ἴ,
431 3729 548 3791 operae
568 3705 608 3767 ad
626 3705 835 3768 scribendum
853 3716 909 3766 aut
927 3703 1108 3788 legendum¹

104 3857 473 3874 W

147 3952 172 4020 *)
196 3951 319 4004 Fortasse
343 3949 488 4024 Ciceronis
514 3947 607 4020 (Orat.
637 3965 660 4004 c.
689 3966 728 4004 so.
757 3947 778 4019 ς.
801 3947 864 4018 34.)
892 3947 975 4003 verba
1001 3939 1100 4007 Nostro

192 4047 332 4100 obversata
349 4054 437 4120 saint„
