2888 4876
851 67 858 114 l

815 199 1024 336 ‘rs'

361 461 409 526 sie
439 461 472 522 in
508 459 571 522 hoc
605 433 753 522 scurrilis
774 447 945 522 ¹dicacitas
978 479 1172 542 magnopere
1205 460 1362 544 fugienda

357 581 420 633 est.
453 575 499 648 (c.
517 567 590 647 60.)
612 605 650 616 -
669 603 712 616 ·-
734 603 777 615 -
820 565 939 648 Qu‘cd,
971 547 1236 652 quibuscumque
1251 569 1361 632 verbis

360 677 503 758 dixeris,
535 678 681 740 facetum
707 685 817 739 tamen
846 686 916 755 est,
956 699 992 739 re
1020 676 1231 749 continetur3
1271 674 1362 760 quod

359 787 493 849 mutatis
510 785 619 850 verbis
640 784 740 848 salem
754 784 900 864 amittit,
924 783 958 845 in
975 785 1081 848 verbis
1098 781 1198 848 habet
1216 783 1362 868 leporem

359 915 499 959 omnem.
522 903 539 975 ,(
553 917 581 958 e.
603 895 676 986 62.)
735 973 741 1011 ἰ

388 1046 604 1156 'carnarum
639 1086 748 1158 (mm
768 1094 865 1160 orator.
883 1083 902 1138 r.
922 1085 970 1138 vr.
989 1097 1013 1136 e.
1033 1086 1058 1138 a.
1082 1082 1133 1138 aa.
1151 1081 1319 1156 spararng.)

415 1215 593 1298 Proprium
606 1225 717 1276 autem
733 1213 887 1276 materiae
897 1211 970 1290 ‚⁸de
988 1233 1054 1294 qua
1070 1233 1160 1274 nuuc
1179 1201 1360 1296 loquimur,

356 1331 407 1386 est
422 1321 616 1384 ridiculum.-
643 1321 787 1405 ideoque
811 1322 893 1384 haee
912 1330 982 1400 tcta
1001 1319 1181 1404 disputatio
1198 1342 1217 1380 a
1233 1320 1360 1404 graecis

354 1423 431 1515 περὶ
448 1427 581 1514 γελοίου
599 1429 801 1496 inscribitur.
842 1427 923 1514 Ejus
948 1427 1054 1512 prima
1075 1428 1193 1491 divisio
1217 1428 1362 1490 traditur

298 1563 300 1572 ⁴
354 1539 487 1618 eadem,
524 1559 608 1623 quae
631 1546 682 1602 est
700 1538 806 1600 omnis
824 1538 1006 1617 orationis,
1036 1527 1074 1598 ut
1096 1535 1140 1598 sit
1161 1519 1307 1620 positum
1327 1538 1367 1608 in¹

353 1649 444 1710 rebus
469 1647 585 1708 autin
610 1647 727 1710 verbis.
780 1648 865 1708 Usus
899 1654 1009 1708 autem
1038 1643 1176 1732 maxime
1210 1644 1360 1728 simplex.

352 1757 421 1818 Ant
437 1754 525 1820 euim
541 1777 580 1818 ex
595 1752 667 1816 aliis
687 1753 790 1815 risum
811 1755 975 1837 petimus,
1010 1764 1067 1816 aut
1091 1751 1271 1839 excubis,
1303 1763 1362 1816 aut

353 1880 393 1926 ex
423 1865 521 1928 rebus
556 1861 683 1926 mediis.
734 1861 853 1924 Aliena
882 1872 940 1924 aut
970 1859 1263 1943 reprehendimus,
1302 1869 1360 1922 aut

352 1974 555 2052 refutamus,
586 1981 642 2034 aut
660 1971 842 2047 elevamus,
875 1978 934 2030 aut
950 1954 1191 2053 repercutimus
1212 1979 1270 2030 aut
1288 1967 1361 2032 elu-

352 2080 469 2142 dimus.
508 2075 630 2152 'Nostra
649 2079 792 2142 ridicule
811 2077 995 2140 indicamus
1015 2087 1067 2155 et,
1091 2089 1129 2140 ut
1144 2077 1244 2139 'verbo
1264 2075 1360 2140 Cice-

350 2181 577 2267 ronis'utar,
619 2187 759 2249 dicimus
792 2186 905 2267 aliqua
940 2183 1152 2247 subabsurda.
1209 2185 1361 2268 Namque

302 2329 304 2334 v
350 2297 480 2372 eadem,
502 2317 604 2376 quae,
628 2295 656 2355 si
673 2291 936 2376 imprudentibus
951 2292 1125 2380 excidant3
1149 2273 1250 2355 stulta
1265 2305 1359 2372 sunt,

351 2403 379 2464 si
398 2401 603 2478 simulamus,
619 2410 759 2462 venusta
780 2399 970 2460 ereduntur.
1003 2400 1154 2460 Tertium
1171 2408 1221 2461 est
1240 2415 1358 2482 genus,

350 2519 388 2570 ut
406 2507 493 2568 idem
512 2505 615 2583 dicit,
647 2504 682 2566 in
701 2503 904 2588 decipiendis
922 2505 1224 2590 superlationibus,
1257 2508 1359 2570 dictis

277 2671 281 2678 .
350 2613 447 2678 aliter
463 2611 665 2696 accipiendis
684 2613 892 2695 ceterisque,
911 2633 1000 2696 quae
1016 2623 1166 2676 neutram
1181 2603 1359 2698 persenam

351 2722 573 2804 contingunt,
613 2716 756 2804 ideoque
785 2743 804 2780 a
834 2741 886 2784 me
916 2719 1219 2800 mediadicuntur.
1274 2725 1358 2786 Item

320 2849 323 2856 ’
348 2829 491 2893 ridicula
516 2839 575 2892 aut
597 2827 736 2890 facimus
763 2839 821 2891 aut
846 2827 997 2902 dicimus.
1039 2831 1141 2893 Facto
1163 2831 1249 2894 risus
1275 2854 1357 2894 eon-

289 3021 294 3030 ·
350 2937 502 3015 eiliatur,
525 2935 813 2999 interimadmixta
830 2937 997 3020 gravitate.
1014 2959 1109 2988 -‘-
1138 2938 1227 3000 Idem
1243 2949 1355 3003 autem

349 3047 390 3110 de
413 3037 513 3109 vultu
536 3053 698 3128 gestuque
722 3044 865 3108 ridiculo
892 3046 1020 3109 dictum
1049 3047 1091 3107 sit
1123 3046 1214 3126 (scil.
1235 3042 1295 3112 'ut-
1310 3050 1357 3112 sit

349 3153 490 3216 admixta
513 3150 654 3237 gravitas
680 3163 934 3240 cum¹respeetu
958 3153 1130 3237 pudoris);
1167 3156 1200 3216 in
1231 3157 1354 3240 quibus

349 3272 399 3326 est
427 3261 560 3345 quidem
582 3281 707 3322 summa
726 3261 859 3344 (gratia,
894 3261 951 3324 sed
967 3261 1088 3346 major,
1122 3285 1198 3325 eum
1220 3277 1355 3349 captare

348 3370 451 3432 risum
471 3367 720 3432 concidentur.
763 3368 852 3432 Nihil
873 3368 961 3432 enim
981 3381 1031 3434 est
1050 3370 1122 3454 his,
1157 3393 1241 3456 qnae
1267 3373 1356 3435 sicut

350 3477 434 3538 salsa
454 3469 631 3556 dicuntur,
660 3475 830 3541 insulsius.
872 3481 1079 3563 Quamquam
1104 3489 1213 3542 autem
1232 3482 1356 3564 gratiae
1429 3537 1430 3559 ἶ

348 3585 529 3670 plurimum
544 3585 642 3650 dictis
660 3587 814 3650 severitas
832 3586 949 3665 affert,
981 3587 1085 3671 fitque
1103 3586 1284 3650 ridiculum
1301 3587 1356 3652 id.

349 3692 477 3776 ipsum,
501 3695 591 3778 quod
604 3691 665 3779 'qui
682 3695 784 3774 dicit,
808 3717 874 3756 non
892 3693 978 3757 ridet
992 3693 1006 3769 ς’
1024 3703 1074 3758 est
1091 3694 1355 3760 tameninterim

350 3808 384 3864 et
406 3813 558 3884 aspectus
579 3803 765 3866 etbabitus
788 3804 854 3866 oris
877 3815 911 3866 et
932 3811 1127 3887 gestus'ncn
1147 3802 1353 3886 inurbanus,

351 3907 490 3971 eum’iis
515 3909 630 3974 medus
655 3911 828 3996 contingit.
880 3911 917 3976 Id
943 3933 1061 3997 porro,
1094 3911 1183 3997 quod
1209 3911 1352 3993 dieitur,
