2844 4874
23 651 25 700 r
65 631 231 694 debeamus
264 631 405 715 figiacum.
437 667 477 682 -
526 633 612 717 Ergo
640 631 743 717 ligura
777 633 820 696 sit
852 617 924 698 erte
952 637 1059 724 aliquo
1112 683 1115 693 ,

23 809 25 842 ι

23 869 25 904 l

23 945 25 986 l

23 991 25 1038 l

23 1055 26 1210 l

530 433 616 510 95Υ

140 863 207 934 peni
222 881 279 918 non
292 866 399 936 potuit,
419 882 501 938 quam
513 871 555 920 e'st
570 866 626 918 uno
640 867 791 934 significata
805 869 944 922 translato.
969 870 1072 942 Atque,
1147 919 1148 926 ,

141 957 195 1010 hoc
218 958 250 1012 in
272 977 370 1027 genere
397 979 527 1034 persaepe
548 962 616 1014 mihi
635 963 820 1017 admirandum
839 965 965 1029 videtur,
994 965 1061 1038 qnid

140 1054 192 1118 sit,
220 1056 298 1127 qnod
318 1074 410 1121 omnes
430 1057 583 1122 translatis,
616 1067 644 1112 et
668 1058 765 1138 alienis
786 1059 867 1128 magis
887 1060 1063 1114 delectantur

123 1190 128 1198 .
141 1147 250 1214 verbis,
272 1167 354 1223 quam
368 1153 480 1224 propriis
490 1137 522 1206 ‘et
533 1153 600 1210 suis.
637 1154 705 1206 Nam
725 1155 748 1207 si
768 1174 810 1208 res
824 1171 901 1210 sunm
916 1173 1016 1208 nomen
1034 1165 1063 1210 et

140 1245 282 1316 proprium
294 1247 459 1300 vocabulum
475 1267 531 1302 uon
545 1249 640 1315 habet,
661 1260 693 1303 nt
706 1269 757 1322 pes*
767 1251 796 1304 in
810 1251 883 1316 navi,
903 1259 935 1303 ut
950 1268 1061 1314 nexum,

142 1340 218 1411 qnod
236 1341 396 1413 perlibrans
410 1345 514 1411 egitur,
534 1345 611 1398 utin
626 1363 710 1399 nnore
728 1345 898 1412 divorcium,
918 1346 1063 1400 necessitas

23 1503 24 1508 ¹
121 1435 232 1516 cogit,
264 1437 407 1507 qnodnon
423 1420 542 1502 habear,
569 1439 682 1494 aliunde
703 1456 823 1494 sumere:
850 1441 941 1494 sedin
956 1459 1065 1494 suornm

141 1529 290 1584 verborum
302 1530 418 1582 maxima
430 1532 517 1603 copia,
530 1540 622 1586 tamen
635 1533 757 1588 homines
769 1535 860 1589 aliena
871 1537 1064 1604 multomagis,

118 1649 121 1658 ·
143 1625 165 1677 si
186 1633 253 1678 suut
276 1625 381 1678 ratione
403 1627 552 1693 translata,
582 1627 734 1683 delectant.
771 1630 804 1683 ld
821 1631 946 1684 accidere
964 1631 1064 1695 credo,

23 1769 25 1784 ,
48 1765 49 1768 ,
141 1720 186 1778 rel
204 1721 284 1794 quod
302 1721 404 1790 ingenii
426 1721 565 1793 specimen
587 1710 628 1776 est
651 1723 808 1794 quoddam,
839 1725 975 1783 transilire
1002 1734 1067 1780 ante

142 1817 228 1889 pedes
245 1817 355 1888 posita,
383 1825 411 1870 et
427 1817 481 1870 alia
493 1817 575 1886 longe
591 1819 707 1890 repetita
721 1837 840 1874 sumere:
865 1821 910 1875 vel
932 1821 1007 1892 qnod
1024 1821 1064 1886 is,

144 1911 192 1984 qni
206 1913 306 1976 audit,
326 1911 380 1964 alio
395 1911 507 1966 ducitur
521 1913 705 1981 cogitatione,
725 1924 927 1996 neque‘tnmen
942 1915 1064 1984 aberrat3

146 2024 217 2078 qnae
232 2005 352 2096 maxima
369 2015 410 2066 est
425 2007 589 2060 delectatio:
615 2008 660 2061 vel
682 2009 761 2078 quod
774 2008 885 2076 singulis
903 2009 990 2062 veihis
1007 2026 1088 2098 res&

146 2117 176 2154 ne
190 2099 285 2156 totuin
297 2100 385 2154 simile
399 2101 556 2154 coniiciture
575 2101 621 2156 vel
636 2103 710 2173 quod
724 2104 810 2156 omnis
823 2104 974 2166 translatio,
995 2121 1067 2174 quae
1128 2133 1132 2144 =

145 2183 260 2268 q‘uiden
284 2211 387 2248 summa
406 2196 520 2248 ratione.
534 2203 592 2260 est,
617 2197 653 2248 ad
678 2213 771 2250 sensns
796 2198 867 2268 ipsos
889 2198 1065 2264 admovetur,

147 2290 267 2345 manime
282 2291 440 2354 oculorum,
462 2291 509 2362 qui
524 2299 566 2344 est
576 2307 669 2344 sensns
682 2291 835 2344 acerrimus.
872 2291 939 2344 Nam
956 2301 985 2346 et
997 2290 1069 2344 odor·

147 2387 332 2452 urbanitatis,
359 2395 388 2439 et
398 2385 544 2440 rrrollitndo
557 2385 752 2452 humanitatis,
778 2397 807 2442 et
825 2373 951 2440 mnrmrlr
968 2389 1066 2454 maris,

148 2488 177 2534 et
197 2479 319 2536 dulcedo
345 2481 489 2547 orationis,
520 2494 584 2562 sunt
606 2481 832 2534 ductaaceteris
847 2481 978 2536 sensibus.
1016 2481 1071 2534 Illa
1118 2518 1129 2532 ,
1163 2531 1170 2542 ,

146 2592 208 2630 vero
231 2577 373 2630 oculorum
393 2578 480 2630 multo
496 2577 615 2640 acriora,
642 2591 714 2648 qnae
728 2584 836 2646 ponunt
851 2595 939 2648 paene
957 2577 986 2630 in
1004 2593 1070 2630 eou-

147 2681 249 2742 spectn
264 2670 364 2735 animi,
384 2689 454 2745 quae
470 2689 580 2726 cernere
596 2679 624 2724 et
634 2669 729 2724 videre
741 2688 796 2722 non
810 2689 960 2742 possumus
996 2672 1072 2724 Nihil

148 2775 189 2820 est
212 2767 339 2822 enimin
359 2785 447 2820 rerum
467 2775 580 2829 natura,
609 2765 686 2833 cnjus
705 2783 755 2820 nos
777 2783 834 2818 nou
853 2767 883 2819 iu
904 2767 964 2820 aliis
990 2767 1071 2821 rebus

149 2863 284 2930 possimus
303 2862 344 2914 uti
365 2849 502 2917 vocabulo
520 2870 549 2913 et
566 2859 692 2926 nornine,
707 2859 796 2914 'unde
811 2862 883 2912 enim
902 2863 989 2914 simile
1005 2862 1070 2916 duci

150 2957 291 3030 potest‚,(
295 2967 386 3030 potest
398 2967 491 3012 antem
506 2975 539 3012 en
553 2953 697 3026 omnibns)
711 2955 834 3008 indidem
847 2955 959 3010 verbnm
972 2976 1067 3023 unum,

152 3045 229 3124 quod
248 3053 454 3122 similitudinem
477 3051 619 3116 continet,
646 3037 826 3116 transmund,
859 3052 953 3104 lumen
981 3051 1070 3106 adfert

152 3149 276 3204 orationi.
313 3150 376 3222 Quo
388 3152 417 3200 in
430 3166 528 3217 genere
542 3147 657 3220 primum
669 3147 797 3216 fugienda
809 3156 851 3201 est
863 3145 1068 3233 dissimilitudo:

265 3273 297 3288 -ν
317 3274 350 3286 -
371 3247 449 3299 Coeli
467 3247 594 3315 ingentes
603 3245 743 3317 fornices.

154 3337 283 3408 Quamvis
297 3329 479 3414 sphaeramiu
492 3357 602 3394 scenam
616 3339 667 3411 (nt
681 3338 799 3410 dicitur)
815 3338 939 3392 attulerit
953 3337 1067 3404 Ennius,

155 3441 246 3490 tamen
259 3435 288 3486 in
300 3434 414 3506 sphaera
429 3433 538 3493 fornicis
549 3435 699 3488 similitudo
712 3453 767 3488 non
781 3441 873 3506 potest
883 3434 981 3486 inesset

267 3558 299 3570 ·-
319 3559 351 3570 -
373 3531 437 3584 Vive
457 3531 581 3596 Ulyeaes,
602 3527 665 3582 dnm
681 3531 768 3582 lieet:
820 3515 821 3520 ¹

267 3625 360 3679 Oculis
373 3638 538 3695 postremum
553 3625 646 3677 lumen
661 3621 806 3676 radiatum
819 3619 894 3693 rsape.

158 3713 216 3770 Non
237 3719 322 3785 dixit,
349 3737 436 3789 παρη
469 3736 541 3782 non,
566 3729 644 3786 pete:
675 3715 791 3768 haberet
809 3719 881 3769 enim
894 3733 995 3769 moram
1010 3736 1070 3788 spe·

158 3816 238 3884 rantis
250 3815 353 3870 diutins
369 3832 426 3880 esse
441 3831 499 3868 sese
514 3793 667 3874 victoriam
696 3812 745 3864 sed
763 3830 838 3882 rape.
877 3813 935 3866 Hoc
958 3814 1070 3867 verbnm

159 3913 198 3960 eet
224 3911 259 3962 ad
284 3909 313 3962 id
337 3918 476 3982 aptatum,
512 3906 587 3980 qnod
609 3915 674 3960 ante
697 3901 821 3982 dixerat,
849 3935 880 3947 -
910 3905 974 3958 dnm
996 3909 1070 3958 licet.

157 4000 264 4059 Deinde
275 4004 423 4058 videndum
439 4013 496 4067 est,
515 4019 551 4056 ne
565 4002 647 4070 longe
661 3993 748 4074 simile
762 4001 797 4054 sit
811 4001 933 4061 ductum.
969 4002 1071 4069 Syrtim

157 4101 320 4184 patrimonii
332 4099 473 4171 scopulum
489 4097 621 4154 libentius
638 4097 768 4165 dixerim,
798 4096 966 4165 Charybdim
983 4096 1071 4150 bono·

1100 1879 1113 1908 ί
