2888 4876
849 357 906 436 58

375 570 543 642 tamquam
559 556 684 620 lateant
700 575 840 639 semper,
863 576 965 638 seque
981 554 1176 618 subducant.
1219 555 1268 618 lta
1283 576 1394 616 num-

377 687 476 762 quam
496 677 674 748 putamus,
689 664 777 726 cirea
797 663 831 724 id
851 683 941 741 esse,
961 661 1002 726 de
1024 685 1090 746 quo
1111 661 1289 724 dicendum
1308 673 1370 726 cst
1381 689 1390 736 3

377 773 435 840 scd
452 795 491 836 cx
506 772 579 835 aliis
602 772 686 835 locis
704 771 867 856 petimus,
891 779 924 834 et
940 770 1086 834 inventis
1107 769 1172 832 vim
1190 769 1393 834 adferimus.

375 917 418 933 ·-
459 882 570 965 Atque
595 881 770 965 plerosque
795 879 905 944 videas
930 879 1101 944 haerentes
1132 880 1220 942 circa
1250 878 1393 962 singula

376 998 411 1052 et
436 988 514 1051 dum
542 989 733 1066 inveniunt,
767 997 800 1051 et
816 985 895 1050 dum
914 988 1049 1052 inventa
1069 985 1254 1070 ponderant
1272 1009 1312 1048 ac
1336 987 1393 1048 di·

308 1115 332 1136 ··
376 1096 593 1160 mentiuntur.
636 1097 732 1176 Q'nod
751 1095 849 1158 etiem
867 1095 895 1158 si
918 1096 1045 1160 ideirco
1064 1096 1175 1170 fieret,
1197 1103 1234 1156 ut
1254 1117 1393 1178 semper

344 1203 347 1210 '
376 1203 510 1287 optimis
528 1213 718 1281 uterentur,
742 1204 959 1266 abominanda
976 1213 1084 1266 tamen
1100 1203 1180 1266 haec
1202 1201 1390 1266 infelicitas
1429 1199 1430 1228 ¹

313 1347 316 1356 ·
378 1320 467 1387 erat,
495 1313 588 1392 'quae
615 1320 647 1375 et
675 1332 809 1372 cursum
842 1311 973 1375 dicendi
1002 1312 1146 1372 refrenat
1177 1313 1221 1372 et'
1240 1311 1391 1373 calorem
1429 1321 1430 1396 1

379 1412 588 1504 cogitationis
607 1418 787 1501 exstinguit
805 1428 944 1481 merset
961 1415 1150 1492 diffidentia.
1179 1418 1281 1480 Miser
1296 1419 1392 1480 enim
1429 1417 1430 1422 ’

379 1533 432 1601 et,
454 1534 492 1586 nt
511 1524 559 1588 sic
581 1524 707 1604 dicam,
730 1547 853 1610 pauper
872 1537 922 1590 est
942 1526 1148 1608 (scriptor),
1180 1525 1239 1608 qui
1256 1527 1391 1586 nullum

379 1631 516 1696 verbnm
539 1654 644 1716 aequo
663 1633 771 1694 animo
792 1634 1073 1718 perdere'potest.
1116 1633 1179 1696 Sed
1205 1656 1246 1696 ne
1268 1633 1391 1716 perdet

381 1738 537 1822 quidem,
561 1741 618 1822 qni
643 1742 805 1804 rationem
825 1741 1001 1825 eloquendi
1021 1743 1162 1825 primum
1180 1742 1389 1826 cognoverit,

378 1853 451 1906 tum
467 1846 613 1910 lectione
630 1848 732 1934 multa
753 1860 786 1912 et
804 1848 922 1911 idonea
940 1849 1109 1931 copiosum
1128 1849 1190 1912 sibi
1211 1850 1392 1912 verborum

380 1955 883 2042 suppellectilemcompararit.
902 1967 935 2021 et
960 1956 1040 2018 hnic
1069 1957 1253 2022 adhibuerit
1282 1969 1391 2020 artem

381 2063 586 2138 collocandi3
624 2063 742 2128 deinde
763 2063 844 2128 haec
865 2065 974 2126 omnia
992 2065 1225 2157 exercitatione
1244 2065 1392 2148 plurima

379 2169 564 2252 roborarit,
599 2181 638 2235 nt
665 2195 795 2257 semper
813 2172 849 2234 in
866 2184 999 2258 promtu
1017 2173 1085 2236 sint
1106 2185 1139 2236 et
1163 2183 1238 2234 ante
1259 2173 1391 2236 oculos.

379 2279 529 2364 Namque
547 2280 612 2344 hoe
632 2281 689 2365 qui
705 2282 842 2360 feccrit,
875 2282 905 2344 ei
927 2304 979 2345 res
1006 2260 1081 2344 cum
1108 2280 1297 2368 nominibus
1315 2283 1391 2344 suis

381 2399 570 2452 occurrent.
612 2387 676 2451 Sed
694 2409 776 2472 opus
797 2398 847 2450 est
863 2387 973 2452 studio
986 2389 1201 2472 praecedente
1221 2399 1253 2450 et
1269 2377 1392 2474 acqiri-
1430 2469 1431 2474 η

383 2493 447 2555 sits
473 2493 632 2556 facultate
658 2504 692 2558 et
715 2483 811 2579 ‘qumi
834 2495 988 2580 reposita.
1030 2497 1178 2581 Namque
1205 2498 1266 2562 ista
1283 2521 1390 2582 quae·
1430 2537 1431 2542 1

306 2673 311 2680 .
382 2598 501 2679 rendi,
539 2597 728 2682 judicandi,
764 2605 973 2686 comparandi
993 2607 1158 2685 anxietas,
1177 2607 1269 2668 (dum
1287 2607 1394 2672 disci·
1430 2637 1431 2640 ¹

383 2727 475 2785 mus,
498 2706 766 2788 adhibendam,
792 2733 856 2778 non
875 2711 953 2774 dnm
966 2713 1105 2776 dicimus
1117 2715 1155 2796 *).
1173 2749 1212 2766 -ι
1240 2716 1393 2794 Quibus·
1430 2723 1431 2800 ζ

384 2814 460 2882 dam
475 2825 582 2878 tamen
605 2815 715 2878 nullus
735 2818 810 2880 finis
831 2820 1053 2883 calumniandi
1076 2843 1110 2884 se
1131 2833 1164 2886 et
1181 2845 1257 2885 enm
1275 2824 1393 2907 singu-

383 2921 426 2988 lis
449 2943 554 3008 paene
574 2925 707 3010 syllabis
732 2915 954 2991 commorandi
973 2929 1034 3009 **):
1071 2931 1159 3014 qui,
1190 2933 1288 2995 etiam
1312 2956 1392 2998 cum

373 3034 509 3117 ,optima
544 3044 630 3108 sunt
653 3045 802 3119 reperta,
842 3050 1006 3120 quaerunt
1036 3021 1182 3122 aliquid,
1211 3042 1313 3124 'quod
1346 3045 1393 3106 sit

385 3140 487 3226 magis
504 3139 696 3224 antiquum,
718 3145 902 3222 remotum,
925 3145 1150 3229 inopinatum
1186 3171 1247 3212 nec
1268 3149 1393 3212 intelli·

308 3264 311 3272 ’
384 3259 486 3336 gunt,
517 3247 625 3335 jacere
649 3272 763 3314 sensns
789 3252 824 3315 in
850 3253 1016 3332 oratione,
1054 3255 1089 3315 in
1107 3275 1172 3340 qua
1191 3259 1292 3318 verba
1316 3257 1394 3321 lan-

385 3370 739 3387 ψ*

419 3438 445 3514 *)
470 3440 543 3496 Huic
562 3433 744 3512 comparanda
758 3443 905 3514 praecipue
917 3441 1043 3500 Aeathec.
1059 3445 1130 3500 liter.
1142 3463 1251 3504 vernae.
1270 3447 1351 3502 Tem.
1369 3453 1393 3505 1.

473 3539 496 3607 §-
519 3554 575 3592 ιοο.
596 3545 624 3590 et
641 3537 731 3590 T.,11.
750 3539 773 3606 5.
794 3541 856 3598 168.
875 3537 926 3591 sub
944 3552 969 3594 c.

410 3625 449 3704 '¹)
474 3629 544 3686 Inde
561 3632 770 3704 κακιζότεχνοι
787 3636 958 3707 nuncupati,
975 3637 1041 3710 ¹qui
1056 3621 1094 3689 ob
1111 3637 1225 3692 nimium
1244 3638 1396 3694 verborum

376 3781 380 3790 ,
472 3725 596 3782 studium
610 3743 668 3780 sese
683 3727 734 3798 ipsi
749 3729 895 3786 observant
909 3741 938 3785 et
952 3732 1163 3789 calumniantur.
1197 3735 1310 3797 Calvus,
1331 3755 1396 3789 ora-

473 3829 526 3887 tor,
545 3821 697 3876 secundum
714 3822 874 3880 Ciceronem
891 3827 926 3900 (v.
943 3828 1017 3881 Brut.
1032 3843 1055 3880 c.
1074 3827 1128 3898 sa.)
1143 3838 1172 3884 at
1189 3829 1394 3894 Callimachus,

475 3919 634 3983 statuarius,
650 3918 802 3972 secundum
815 3921 933 3974 Plinium
946 3923 1011 3994 (vid.
1026 3923 1094 3976 Plin.
1111 3924 1142 3976 Η.
1154 3925 1185 3978 Ν.
1201 3925 1319 4004 XXXIy.
1335 3943 1359 3978 c.
1369 3936 1394 3986 8.

474 4013 505 4064 T.
520 4016 543 4070 3.
558 4030 583 4084 p.
598 4017 657 4085 39¹·
673 4014 715 4068 cd.
731 4015 795 4081 nug.
809 4014 879 4084 Bet.)
893 4017 946 4072 hoc
961 4008 1027 4071 sitio
1043 4018 1163 4090 inprimis
1177 4020 1293 4087 insignes
1308 4021 1394 4076 luere.
