2942 4864
641 341 725 420 295

562 546 740 619 ,aaa

517 657 565 719 De
587 655 779 722 inventione
801 625 838 734 ²').

180 787 358 860 (Secundum
376 789 537 845 Ciceronem
559 787 620 860 (De
637 791 695 844 lnv.
714 805 737 852 e.
754 787 796 860 7.)
813 787 936 843 inventio
954 798 997 844 est
1015 789 1178 857 excogitatio

166 879 167 882 Ἴ
250 909 339 942 rerum
358 907 479 944 verarum
499 899 547 944 aut
563 889 767 954 verisimilium,
793 909 865 962 quae
884 907 992 944 causam
1010 891 1178 963 probabilem

212 1067 213 1076 ἵ
249 995 374 1048 reddant.
416 995 518 1048 Eadem
546 1013 662 1067 quoque
684 995 837 1049 Aristotelis
870 1004 898 1047 et
925 996 1091 1066 Quintiliani
1116 1014 1180 1048 sen·

248 1099 337 1151 tentia
371 1105 427 1166 est3
469 1098 578 1170 utrique
609 1115 708 1169 nempe
743 1098 955 1169 probationibus
987 1098 1074 1150 omnis
1108 1096 1199 1168 haee⁴
1229 1080 1231 1086 .

249 1215 310 1270 pars
330 1198 495 1250 continetur.
537 1195 580 1251 Cf.
602 1199 687 1252 Arist.
710 1197 789 1250 nter.
812 1199 834 1254 1.
859 1210 882 1251 c.
904 1215 928 1252 a.
966 1197 1084 1266 Quintil.
1106 1195 1125 1251 l.
1143 1195 1176 1250 V.
1238 1251 1242 1258 ,

247 1315 274 1354 e.
300 1317 322 1354 ι.
363 1299 540 1354 Probationes
564 1308 657 1354 antem
682 1317 717 1354 ex
746 1299 785 1352 sie
815 1299 897 1353 dietis
925 1301 995 1352 loeis
1018 1301 1176 1368 ducuntur;

247 1410 415 1473 quapropter
430 1402 465 1456 de
482 1399 537 1455 illis
552 1411 581 1456 et
597 1403 632 1456 de
648 1400 787 1456 hienimui
801 1401 1024 1474 praecipiendum
1042 1399 1108 1470 est).

177 1587 211 1658 e)
251 1580 301 1641 De
326 1579 418 1642 rebus
445 1577 644 1642 inveniendis
671 1579 773 1666 deque
797 1579 1021 1663 probationum
1045 1579 1181 1660 diversis

516 1699 577 1750 tate
598 1688 633 1748 in
651 1707 763 1769 genere
786 1687 842 1761 Ὗ.

459 1844 558 1898 Cicero
593 1843 835 1916 (taruennae.
856 1845 902 1914 a.)

240 1943 362 2006 Caesae
390 1950 506 2009 ratiost
539 1947 702 2027 Quoniam
733 1946 833 2029 igitur
861 1944 1011 2028 invenire
1039 1944 1178 2007 oratoris
1202 1955 1204 1960 ’

104 2069 105 2072 ’
177 2051 319 2136 primum
335 2059 401 2129 est,
425 2051 505 2135 quid
521 2054 674 2136 quaeret?
696 2055 816 2115 Caeneo
831 2074 947 2113 earne:
970 2055 1015 2113 Ut
1030 2051 1180 2114 inveniat

177 2158 452 2242 quemadmodum
472 2159 567 2220 fidem
584 2159 685 2222 faciat
706 2159 771 2237 eis,
804 2160 924 2241 quibus
940 2159 1029 2220 volet
1044 2179 1180 2240 persua-

179 2266 255 2328 dere
265 2311 275 2344 ‚
299 2277 332 2329 et
349 2265 620 2348 quemadmodum
637 2277 764 2328 motum
781 2288 892 2328 eorum
907 2267 1023 2327 animia
1044 2265 1183 2327 adierat.

179 2375 214 2439 c.
232 2376 267 2436 u.
290 2375 416 2454 Quibus
434 2353 531 2438 resa.
548 2373 631 2438 aaa
649 2375 706 2436 aa
728 2375 760 2436 e.
781 2373 815 2436 1³.
840 2347 1069 2458 argumenta,
1094 2395 1179 2455 quaa

178 2479 350 2543 ducuntur
364 2503 403 2544 ex
420 2481 502 2544 locis
519 2493 576 2544 aut
594 2482 627 2542 in
642 2503 677 2543 re
696 2482 765 2566 ipsa
783 2481 914 2558 insitis,
937 2493 994 2543 aut
1008 2479 1179 2543 adsumtis.

177 2589 212 2650 G.
233 2591 269 2650 F.
292 2593 384 2667 Quos
405 2593 503 2650 vocas
522 2589 632 2654 locos?
654 2591 689 2651 G.
710 2593 746 2651 P.
767 2591 832 2650 Eos
844 2634 853 2668 ‚
877 2588 912 2650 in
936 2588 1055 2672 quihus
1073 2587 1180 2650 latent

177 2706 376 2778 argumente.
421 2698 455 2757 C.
476 2697 512 2757 F.
535 2697 622 2777 Quid
638 2707 688 2759 est
704 2699 951 2780 argumentum?
993 2697 1027 2756 C.
1045 2697 1080 2757 P.
1102 2697 1179 2757 Pro·

177 2801 284 2863 babile
301 2801 472 2867 inventum
488 2805 529 2864 ad
545 2794 729 2867 iaciendum
747 2805 853 2866 tidem.
898 2805 932 2864 C.
953 2805 988 2863 F.
1004 2801 1178 2884 Quomodo

178 2908 279 2990 igitur
311 2910 377 2970 duo
415 2933 531 2993 genera
560 2911 708 2974 ‘dividisi
750 2913 785 2972 C.
816 2913 850 2971 P.
883 2915 975 2989 Quae
1006 2909 1077 2970 eine
1108 2919 1178 2969 arte

177 3004 358 3102 putantur(
372 3037 408 3077 ea
425 3023 549 3078 remota
570 3016 712 3099 adpeiio‚
737 3027 772 3076 nt
788 3016 976 3078 testimonia
988 3014 1060 3090 m).
1090 3015 1125 3074 C.
1139 3013 1177 3073 F.

172 3270 177 3279 ,
222 3221 248 3292 “)
268 3225 299 3274 In
320 3222 517 3294 pertractandis
540 3220 611 3274 circe
633 3221 744 3274 formam
765 3221 829 3274 artis
848 3219 960 3278 dicendi
975 3218 1096 3290 partibus
1110 3219 1175 3270 An·-

264 3319 372 3370 erotelis
393 3317 474 3368 modo
484 3317 535 3387 '(§.
553 3316 683 3388 superiori
702 3317 729 3367 in
745 3314 819 3384 not.)
835 3315 997 3387 propositam
1013 3313 1177 3383 tripartitam
1194 3307 1196 3318 ’

266 3412 426 3464 divisionem
450 3429 612 3484 sequemur,
646 3413 702 3477 ite,
730 3421 763 3465 ut
785 3411 839 3464 hoc
862 3411 926 3464 loco
947 3408 1119 3462 aoiunuuodo
1141 3408 1177 3460 de

263 3507 422 3560 inventione
437 3506 509 3577 (sive
523 3505 717 3578 probatione),
737 3507 772 3560 de
786 3506 961 3578 dispositione
977 3513 1006 3556 et
1017 3503 1177 3556 elocutione
1284 3541 1286 3546 -

264 3618 351 3654 sermo
373 3601 437 3667 fiat3
467 3601 503 3653 de
525 3603 752 3672 pronunciatione
776 3612 887 3675 autem,
913 3617 964 3653 nec
988 3599 1098 3651 nonde
1119 3615 1176 3650 nae-

122 3733 125 3740 ·
235 3716 237 3726 ⁴
264 3698 348 3748 moria
365 3698 392 3748 in
412 3696 489 3749 calce
509 3697 591 3765 liujus
608 3697 695 3770 operis
713 3675 858 3770 praecepta
875 3694 1053 3748 adscribenda
1071 3695 1133 3748 sint.
1194 3766 1197 3774 Ι

211 3791 252 3861 ”)
270 3791 310 3844 Cf.
332 3791 482 3846 Aesthetie.
513 3793 554 3846 lit.
585 3810 699 3847 vernae.
751 3793 828 3846 Tem.
854 3793 888 3844 11.
922 3793 946 3858 i.
970 3793 1021 3844 ³13
1044 3809 1121 3862 seqq.
1146 3797 1175 3856 et

264 3889 286 3952 ς.
303 3889 355 3941 318
370 3904 446 3960 seqq.
553 3893 556 3896 ’
1085 3867 1091 3890 '

194 3977 247 4048 1”“)
265 3982 305 4032 Ci.
322 3983 410 4035 Cicer.
426 3981 522 4054 Topie.
539 3999 562 4036 c.
581 3999 618 4052 ¹9·
637 3983 660 4049 i.
677 3985 717 4050 73.
