2814 4872
520 446 524 451 .
548 379 627 456 157

90 601 150 642 nus
177 579 376 664 exemplum.
430 581 506 652 Neo,
524 601 660 657 vereor,
698 602 740 643 ne
767 581 878 642 videar
905 603 1087 674 repugnare

63 723 64 726 ¹
88 687 249 762 Ciceroni,
281 709 484 772 quamquam
507 690 745 750 collocationem
768 700 896 771 separet
918 689 956 752 ab
979 713 1088 754 exem-

62 797 313 881 ³plo*).·-----
355 781 532 860 Exuursuu
553 797 665 860 estrei
684 806 809 880 gestae,
831 808 888 859 aot
904 809 942 862 ut
961 810 1087 882 gestae,
1153 832 1158 838 ¹

61 925 62 934 ¹
87 905 165 968 utilis
190 904 231 965 ad
250 905 519 989 persuadendum
540 906 591 982 id,
616 907 706 988 quod
728 905 925 982 intenderis,
948 929 1088 972 comme·

86 1012 221 1074 moratio.
246 1016 472 1077 'Intuendum
494 1011 613 1098 igitur,
635 1023 741 1076 totum
765 1013 872 1075 simile
897 1016 958 1090 sit,
982 1037 1022 1076 an
1047 1037 1087 1078 ex
1150 1081 1154 1088 .

59 1129 61 1180 t
84 1131 184 1203 parte;
210 1132 250 1183 ut
275 1133 336 1183 aut
358 1121 467 1183 omnio
490 1143 528 1184 ex
547 1143 585 1184 eo
604 1143 784 1199 sumamus,
808 1133 864 1182 aut
886 1143 970 1204 quae
990 1123 1087 1184 utilia

58 1241 60 1248 ’
87 1236 180 1289 erunt.
223 1229 343 1300 Simile
362 1240 426 1292 est:
456 1232 532 1292 lure
550 1233 672 1294 occisus
698 1244 742 1292 est
766 1231 975 1302 Saturninus,
1005 1232 1088 1293 sicut

87 1337 231 1409 Grocelci;
256 1337 432 1400 dissimile:
455 1341 571 1400 Brutus
595 1340 715 1400 oceidit
734 1341 849 1400 liberos
868 1339 1098 1424 prode‘tioaem'

87 1446 233 1506 molientes
241 1473 254 1517 ;
277 1447 423 1508 Manlius
441 1449 588 1508 virtutem
609 1447 787 1533 mortefilii
806 1448 955 1508 multavit.
998 1449 1087 1507 Con-

86 1523 223 1614 trariuinz
247 1557 424 1616 Marcellus
449 1567 630 1616 ornamenta
650 1555 858 1634 Syracusanis
878 1557 1018 1618 hostibus
1039 1577 1087 1617 re·

87 1660 187 1736 stituit3
212 1665 333 1725 Verres
356 1664 465 1724 eadem
484 1665 580 1739 sociis
601 1664 736 1724 abstulit.
758 1697 800 1710 -
843 1663 950 1723 Etiam
972 1663 1005 1724 in
1028 1663 1084 1744 iis,

85 1751 157 1847 'quae
178 1771 296 1832 fotura
321 1770 486 1848 dicemus,
504 1769 611 1839 ¹utilis
636 1770 793 1831 similiuin
816 1771 996 1832 admonitio
1021 1781 1084 1852 est:

88 1885 129 1949 ut,
152 1876 178 1936 si
201 1879 279 1960 quis
305 1879 437 1956 dicens,
460 1879 651 1958 Dionysiam
671 1879 795 1940 ideirco
814 1895 919 1964 petere
942 1879 1086 1944 custodes

88 1984 180 2044 salutis
196 2009 298 2060 suae,
321 2001 372 2060 ut,
395 2009 502 2048 eoram
525 1987 651 2048 adiutus
671 1988 790 2060 'armis,
813 1988 1011 2065 tyrannidem
1031 2009 1087 2050 oc-

86 2105 183 2173 cupet,
204 2091 272 2155 hoo
295 2096 416 2156 referat
437 2093 636 2176 exemplum,
661 2093 769 2154 eadem
792 2096 914 2154 ratione
933 2097 1086 2156 Pisistra-

85 2211 137 2258 tum
160 2199 203 2260 ad
223 2203 482 2288 dontiaatioaem
500 2203 703 2288 pervenisse„
731 2201 795 2261 Sed
816 2211 852 2260 ut
876 2211 955 2262 sunt
977 2224 1087 2262 exem·
1139 2199 1143 2214 “

84 2304 128 2385 pla
142 2307 279 2373 iuterim
296 2321 366 2372 tota
382 2309 514 2386 similia,
536 2320 573 2370 ut
592 2308 654 2396 lioc
665 2308 865 2391 proximum
880 2309 935 2369 ‘sic
952 2309 1087 2370 interim

86 2433 117 2472 ex
133 2416 311 2502 majoribus
333 2418 373 2478 ad
395 2417 539 2502 minora,
565 2439 603 2478 ex
623 2416 803 2476 minoribus
825 2416 865 2476 ad
887 2407 1007 2498 majora
1029 2417 1086 2479 du·

87 2533 203 2586 cuntur.
251 2529 386 2610 Propter
401 2527 603 2602 matrimonia
619 2525 742 2603 violata
757 2526 847 2586 urbes
863 2545 985 2585 eversae
999 2539 1086 2608 suat,
1129 2549 1133 2556 ·

86 2632 239 2718 quidfieri
259 2634 401 2696 adultero
419 2636 570 2719 pareat?
594 2634 753 2695 Tibicines
775 2655 845 2694 cum
864 2634 902 2704 ab
922 2635 996 2696 urbe
1015 2634 1087 2694 dis-

86 2744 252 2816 cessissent,
272 2743 397 2826 padlice
416 2744 556 2803 reuocati
575 2744 656 2802 sicut
669 2743 732 2816 ’Ἃ
755 2746 982 2826 quantomagis
996 2745 1086 2830 prin·

86 2849 159 2929 cipes
179 2853 407 2931 ciuitatis-viri
415 2897 428 2926 ,
451 2865 480 2912 et
503 2853 578 2914 bene
601 2852 641 2912 cle
661 2852 822 2934 republica
844 2854 968 2924 meriti,
990 2873 1093 2946 quum⁴

86 2955 214 3023 invidiae
233 2963 402 3033 cesserint,
424 2961 462 3022 alt
478 2961 579 3023 exilio
596 2961 795 3022 reducendi?
817 2958 866 3018 Ad
887 2960 1085 3020 exitortatio·

86 3083 152 3126 nem
165 3061 252 3132 ¹vero
274 3069 451 3152 praecipue
472 3068 584 3130 valent
606 3067 752 3150 imparia.
794 3065 1028 3128 Admirabilior
1047 3065 1083 3128 in

84 3178 213 3264 femina,
247 3186 395 3268 quamiu
415 3183 506 3261 viro,
529 3183 659 3244 virtus:
699 3185 808 3261 Quare
836 3180 862 3240 si
885 3180 925 3241 ad
951 3179 1083 3241 fortiter

84 3283 261 3375 faciendum
285 3291 485 3356 accendatur
507 3289 649 3373 aliquis,
693 3312 759 3350 non
781 3299 908 3350 tantum
935 3287 1084 3348 adferent

85 3400 233 3462 momenti
248 3401 403 3479 Horatius
422 3411 455 3461 et
469 3401 677 3480 TorquatuS‚
702 3405 862 3480 quantum
882 3394 938 3454 itta
954 3393 1083 3469 mulier,

85 3502 168 3583 cujus
184 3486 284 3566 manu
300 3507 445 3590 Pyrrhus
463 3516 512 3572 est
530 3504 741 3576 interfectum
769 3515 801 3566 et
818 3499 858 3583 ad
875 3501 1083 3564 moriendum

85 3625 144 3670 nou
163 3623 227 3678 tam
249 3615 330 3676 cato
348 3623 381 3676 et
400 3613 529 3696 Scipio,
555 3633 654 3695 qnam
671 3611 841 3673 Lucretia:
866 3611 955 3693 quod
974 3611 1082 3691 ipsum

588 3719 648 3796 Μ)

85 3728 128 3778 est
143 3743 180 3784 ex
195 3722 372 3808 majoribus
390 3722 431 3783 ed
447 3720 575 3783 minora
651 3751 711 3778 .·-
722 3753 813 3768 -·—-
832 3719 995 3782 Dissimile
1011 3720 1081 3803 plu·

83 3859 417 3886 Νκ--ι--ι-ιμ-ν

113 3949 136 4023 ¹)
163 3959 279 4020 Cicero,
293 3960 362 4012 loeo
377 3939 459 4011 modo
474 3925 588 4007 laudato
603 3950 653 4026 (de
669 3955 725 4023 inv.
743 3953 766 4007 Ι.
782 3951 844 4022 30.)

103 4041 128 4070 ¹*
162 4054 201 4108 cs.
216 4055 276 4110 arv.
294 4055 339 4108 ix.
360 4057 403 4112 30.
441 4055 475 4106 n„
498 4050 557 4103 ra.
572 4051 650 4103 aaa.
669 4051 706 4101 11.
721 4051 760 4114 x5,
780 4048 804 4117 t.

91 4136 138 4213 m)
155 4149 263 4220 ¹Regius
281 4147 416 4208 mutavit:
432 4166 466 4202 ex
484 4145 638 4200 minoribus
656 4139 697 4197 acl
707 4147 825 4218 majora.
843 4173 874 4186 -
912 4145 953 4196 Dc
968 4141 1079 4196 Horatio
