2942 4864
526 473 548 517 <A
611 465 695 542 293

71 671 78 682 “
155 658 276 738 fuisse,
309 660 371 744 qui
387 658 576 744 adjecerunt
596 659 759 736 ordinem,
787 624 893 746 quum
908 660 1155 746 dispositionem
1192 630 1194 636 Ι

81 847 84 854 .
120 789 125 799 ¹
156 768 334 830 dixissent:
370 768 465 851 quasi
495 768 585 830 iliud
619 770 670 850 sit,
691 769 881 853 dispositio,
916 791 1018 853 quam
1043 791 1154 833 rerum
1239 779 1256 818 ἰ

156 875 271 938 ordine
297 896 395 958 quam
410 931 411 938 ,
427 875 552 958 optimo
565 870 566 875 ἵ
580 875 764 938 collocatio.
814 877 902 940 Dion
927 877 1152 943 inventionem

155 982 254 1046 modo
284 992 317 1045 ct
348 981 597 1066 dispositionem
623 982 776 1057 tradidit,
810 983 866 1046 sed
893 995 1065 1066 utramque
1093 983 1173 1042 du-·

156 1089 296 1173 plicam,
325 1111 436 1167 rerum
466 1111 503 1152 ac
531 1091 721 1167 verborum,
752 1101 789 1153 ut
808 1090 852 1154 sit
871 1091 1014 1152 elocutio
1035 1090 1153 1152 inven-

156 1195 278 1273 tionis,
310 1197 543 1279 pronunciatio
569 1197 810 1282 dispositionis:
841 1181 898 1258 his
920 1198 1035 1280 quinta
1051 1189 1153 1281 pars,

149 1302 330 1378 anemoria,
361 1306 497 1366 accedat
523 1306 560 1384 *).
601 1304 787 1368 Theodorei
823 1306 892 1366 iere
928 1305 1154 1366 inventionem
1202 1286 1204 1292 Ι

155 1409 345 1493 duplicem,
383 1433 523 1500 rerum,
554 1422 653 1496 atque
688 1415 898 1485 elocutionis,
937 1411 1054 1474 deinde
1087 1423 1154 1474 tres

154 1529 283 1602 ,ceteras
308 1526 415 1601 partes
436 1520 490 1598 **).
532 1522 766 1604 Hermagoras,
794 1519 972 1602 judicium,
1004 1521 1157 1604 partitio-

156 1647 255 1708 nem,
287 1624 451 1702 ordinem,
483 1629 633 1709 quicque
660 1611 864 1690 elocutionis
889 1639 988 1704 sunt,
1022 1625 1156 1710 subjicit

156 1736 382 1813 oeconomiae,
415 1755 519 1817 quae,
553 1736 676 1798 Graece
697 1736 856 1821 appellata
880 1755 919 1798 ex
942 1712 1032 1797 curav
1046 1743 1156 1796 rerum

157 1839 411 1922 domesticarum
437 1850 470 1904 et
494 1841 549 1906 hic
575 1865 634 1928 per
656 1843 846 1906 abusionem
863 1842 991 1927 posita,
1023 1842 1174 1908 nominc,

156 1948 276 2034 Latino
301 1957 389 2011 caret
406 1948 477 2027 m).

155 2047 157 2062 ¹
219 2055 279 2116 Est
303 2065 335 2116 et
361 2055 448 2116 circa
468 2056 530 2118 hoc
552 2053 721 2139 quaestio,
745 2054 834 2139 quod
852 2049 1034 2117 mwroriam
1051 2053 1084 2114 in
1103 2077 1165 2120 ονε

157 2159 235 2222 dine
254 2162 397 2244 partium
421 2163 552 2244 quidam
572 2165 766 2236 inventioni,
799 2163 931 2244 quidam
951 2163 1166 2243 dispositioni.

159 2257 415 2351 subjunxerunt:
440 2269 533 2332 nobis
549 2279 685 2354 quartus
699 2269 766 2353 ejus
781 2271 875 2334 locus
890 2271 1027 2332 maxime
1038 2271 1155 2354 placet.

157 2377 230 2440 Non
259 2377 347 2438 enim
375 2377 510 2440 inventa
540 2387 670 2438 tantum
698 2388 839 2462 tenere,
857 2386 897 2437 ut
927 2376 1158 2463 disponamus,

112 2545 115 2556 ,
153 2480 224 2546 ’που
248 2461 423 2570 disposita,
453 2494 490 2546 ut
514 2485 733 2568 eloquamur,
755 2485 812 2548 sed
836 2484 935 2547 etiam
958 2485 1065 2546 verbis
1089 2488 1159 2546 for·
1189 2510 1196 2522 ·

159 2603 246 2653 mata
263 2593 443 2664 ‚memoriae
463 2593 615 2655 mandare
633 2592 796 2673 debemus.
838 2587 1015 2655 Hac'enim
1032 2592 1158 2670 omnia,
1211 2668 1217 2692 Ι

82 2705 86 2711 ’
161 2719 380 2786 quaecunque
404 2701 438 2762 in
467 2701 647 2764 orationem
668 2699 785 2765 collata
806 2711 903 2778 sunt„
936 2702 1159 2765 continentur.

181 2799 184 2806 ’
223 2809 371 2870 Fuerunt
392 2809 488 2869 etiam
509 2810 541 2869 in
562 2807 624 2868 hac
644 2808 800 2890 opinione
820 2830 885 2869 non
906 2810 1022 2892 pauci,
1045 2817 1082 2870 ut
1101 2809 1160 2870 has

136 2929 230 2976 *non
258 2917 425 2975 rhetorices
452 2925 560 2997 partes
595 2935 666 2978 esse
701 2915 943 2992 existimarent,
979 2917 1036 2980 sed
1063 2937 1162 2999 opera

160 3019 318 3081 oratorias
348 3022 416 3104 ejus
437 3020 525 3082 enim
542 3041 612 3094 esse
629 3011 795 3098 invenire,
818 3022 1012 3104 disponere,
1036 3022 1160 3105 eloqui,

163 3139 198 3191 et
212 3137 330 3188 cetera.
375 3127 471 3205 Quod
487 3128 514 3189 si
531 3115 727 3210 accipimus,
752 3128 834 3189 nihil
849 3130 910 3190 arti
926 3127 1162 3211 relinquemus.

163 3237 245 3298 Nam
269 3237 353 3298 hene
381 3235 491 3297 dicere
515 3247 565 3298 est
589 3235 745 3310 oratoris;
780 3234 962 3308 rhetorices
982 3247 1092 3298 tamen
1113 3245 1164 3298 est

209 3439 235 3510 ⁴)
253 3441 376 3502 Fortasse
397 3441 431 3494 de
452 3441 562 3502 Ilione,
589 3441 715 3494 srussnst
735 3441 877 3512 loquitur,
903 3424 953 3514 qui
975 3441 1010 3494 ob
1032 3441 1163 3510 egregiam

251 3553 326 3592 suam
349 3535 536 3607 eloquentiam
550 3535 759 3610 Χρυσόστομος
780 3537 986 3603 cognominatus
1002 3543 1059 3596 est,
1085 3538 1165 3603 cujus
1207 3572 1211 3576 -
1245 3571 1249 3576 -

251 3637 345 3684 sutem
360 3648 495 3702 nusquam
517 3629 576 3681 ulla
592 3630 628 3681 ds
648 3639 706 3682 arte
723 3629 859 3683 rhetorica
875 3629 986 3700 scriptio
1001 3643 1165 3684 commemo·
1226 3646 1227 3651 ’

249 3719 331 3778 ιεῑυιζ
350 3729 354 3732 “
369 3724 408 3778 cf.
422 3724 506 3795 Febr.
521 3721 591 3775 Bibl.
607 3715 659 3774 Gr.¹
670 3722 745 3774 Harl.
759 3723 821 3776 Vol.
839 3725 871 3777 V.
885 3743 913 3796 p.
931 3741 979 3778 122
994 3740 1070 3796 seqq.

197 3813 236 3888 “l
252 3821 294 3873 De
313 3817 458 3874 Theodoro
476 3819 531 3872 vid.
547 3835 628 3889 supra
645 3820 668 3884 5.
688 3819 743 3870 160.
761 3829 835 3872 nota.

179 3911 232 3984 sss)
250 3917 292 3968 De
320 3915 416 3968 eodem
438 3915 599 3981 hermagora
627 3911 673 3964 hlc
694 3911 793 3966 Noster
820 3913 898 3984 loqui
923 3913 1052 3977 videtur,
1077 3932 1164 3988 quem
1181 3917 1203 3994 s

253 4011 351 4064 Cicero
373 4006 432 4079 (De
454 4009 511 4061 Inv.
535 4009 557 4062 t.
584 4024 607 4059 c.
630 4005 677 4075 6.)
699 4016 850 4070 memorat,
872 4008 977 4081 quique
999 4009 1098 4064 sedula
1122 4018 1165 4062 cst

160 4175 162 4180 Ι
250 4103 430 4172 segregandus
446 4103 480 4156 sb
498 4103 590 4156 slterc
603 4101 725 4169 juniore,
746 4101 884 4160 Temnite'.
