2942 4864
516 355 521 368 ’
590 413 676 492 aaa·

133 613 339 680 commodius
365 613 512 698 potuisse
538 615 624 678 idem
647 614 828 700 consequi3
862 622 919 676 aut
941 637 1005 678 uon
1030 615 1130 682 iisse
1238 695 1243 708 1

133 745 206 788 esse
232 723 396 799 moribus,
420 745 487 784 non
508 745 545 786 ea
564 722 652 796 vita;
677 735 732 784 aut
752 722 860 784 nullos
879 722 979 785 animi
1000 733 1128 804 motus,

133 839 192 893 aut
219 853 283 918 non
310 841 377 894 tam
407 831 603 913 impotentes
627 831 738 892 fuisse.
785 829 993 893 Facultatum
1021 843 1131 895 autem

134 938 355 1002 infirmatione
379 947 509 1014 utetur,
540 938 568 998 si
595 938 776 1015 nutrires,
807 947 863 998 aut
882 938 1043 1014 animum,
1073 947 1131 1002 aut

133 1047 263 1130 copias,
285 1055 341 1106 aut
359 1068 436 1128 opes
460 1047 601 1120 abfuisse
621 1045 879 1123 demonstrabit,
911 1057 968 1108 ant
988 1045 1132 1108 alienum

131 1165 280 1238 tempus,
311 1163 368 1214 aut
395 1125 505 1214 locarit
530 1173 595 1214 non
619 1153 794 1230 idoneum,
828 1162 884 1214 aut
905 1153 1025 1215 multos
1046 1153 1133 1216 arbi-

135 1271 225 1341 tros,
247 1281 387 1346 quorum
406 1261 554 1324 crederet
575 1243 717 1323 nemini:
741 1271 798 1324 aut
818 1282 884 1321 non
904 1281 938 1323 se
951 1260 1132 1344 taminep·

134 1379 225 1448 tum,
259 1381 297 1432 ut
321 1369 354 1430 id
375 1369 576 1452 susciperet,
609 1369 699 1452 qnod
722 1349 889 1431 occultare
916 1390 980 1431 non
1002 1378 1129 1452 possets

135 1500 244 1560 neque
260 1487 325 1538 tam
341 1487 515 1552 amentem,
532 1486 570 1537 ut
582 1497 702 1558 poenan
715 1497 752 1538 ac
764 1471 885 1559 judicia
897 1485 1131 1540 contemneret.
1157 1465 1159 1471 ⁵
1240 1487 1246 1504 ·

135 1585 379 1668 Consequentia
395 1593 503 1644 antem
525 1583 629 1645 diluet
649 1581 860 1665 exponendo,
889 1605 954 1644 non
981 1605 1049 1645 esse
1075 1581 1133 1644 itta

137 1703 225 1756 certa
247 1692 370 1778 indicia
394 1690 492 1767 facti,
526 1712 609 1774 quae
629 1688 727 1753 etiam
747 1691 838 1752 nullo
858 1690 997 1752 admisso
1016 1711 1134 1753 conse·

139 1800 196 1882 qui
227 1808 383 1882 possent,
425 1798 651 1882 consistetque
685 1797 718 1859 in
753 1797 912 1881 singulis;
947 1806 980 1862 et
1011 1821 1046 1861 eu
1075 1805 1133 1859 aut

104 1983 108 1990 Ι
137 1927 268 1984 eorum,
300 1928 383 1988 quae
402 1905 469 1990 ipse
490 1907 575 1968 facta
600 1927 672 1968 esse
703 1904 809 1983 dicet,
839 1885 969 1989 propiis
988 1927 1057 1968 esse
1075 1904 1133 1968 de·

122 2014 249 2100 ,fendet
273 2014 399 2098 potius,
423 2035 520 2098 quam
544 2011 711 2096 criminis,
735 2024 791 2076 aut
809 2014 837 2073 si
855 2012 916 2074 sibi
938 2035 1013 2076 cum
1033 2035 1134 2075 accu-

137 2132 243 2184 satore
263 2101 446 2186 communia
467 2109 594 2198 essent,
626 2143 684 2204 pro
698 2120 850 2204 'periculo
868 2121 998 2202 potins,
1034 2143 1133 2204 quam

138 2241 252 2292 contra
277 2229 415 2292 salutem
438 2229 547 2290 varlare
571 2227 707 2303 debere,
744 2227 944 2310 testiumque
969 2227 1007 2290 'et
1031 2247 1134 2310 qnae·

138 2339 280 2420 stionum
296 2357 396 2419 genus
415 2337 614 2413 universum,
639 2345 672 2398 et
689 2323 786 2419 qnod'
794 2335 926 2419 poterit,
946 2335 979 2396 in
995 2335 1132 2419 singuiis

137 2465 176 2507 ex
200 2443 462 2528 reprehensionis
483 2445 586 2521 locis,
618 2443 796 2525 dequibus
817 2451 893 2506 ante
917 2442 1130 2522 dictumest,

136 2548 274 2614 'refellet
316 2553 437 2612 Harum
466 2573 636 2613 causarum
664 2549 846 2634 principia,
885 2550 1063 2634 suspiciosa
1092 2548 1133 2612 sd

138 2659 347 2722 acerbitatem
373 2661 413 2721 ab
435 2671 624 2724 accusatore
646 2669 812 2743 ponentur
820 2687 828 2732 ς
862 2658 1134 2722 denunciabitur-

137 2787 202 2850 qne
229 2765 419 2828 insidiarnm
442 2769 614 2832 commune
633 2766 816 2850 periculum
838 2766 1133 2850 excitabunturque

137 2873 257 2948 animi,
273 2879 275 2889 ’
293 2882 330 2935 ut
356 2858 537 2936 attendant:
581 2873 683 2936 Areo
706 2881 814 2936 autem
841 2874 973 2957 querefa
1000 2871 1134 2936 conflati

139 2978 307 3057 criminis,
341 2979 553 3042 collectarum
568 2979 791 3061 suspicionum
811 2989 843 3042 et
861 2981 1061 3041 accusatoris
1081 2979 1135 3072 in·
1242 2975 1245 2988 “

139 3088 240 3150 sidiae
257 3095 290 3148 et
306 3087 385 3148 item
404 3081 575 3148 commune
592 3085 772 3168 periculum
789 3088 993 3170 proferetur,
1016 3083 1135 3148 animi·

140 3218 204 3281 que
223 3194 263 3256 ad
285 3193 541 3259 misericordiam
565 3193 754 3256 allicientur
779 3203 812 3257 et
843 3193 971 3284 modice
991 3194 1136 3257 benevo-

139 3304 241 3372 lentia
265 3301 411 3389 judicum
438 3301 619 3386 colligetur.
643 3337 682 3350 -·-
706 3338 745 3350 --

202 3415 237 3474 C.
254 3413 289 3473 F.
328 3412 419 3474 Scire
434 3411 513 3472 mibi
528 3407 592 3494 jam
606 3409 737 3487 videor,
762 3408 1032 3493 quemadmodum
1054 3431 1136 3472 con-

139 3517 264 3605 jectura
283 3519 452 3582 tractanda
472 3519 534 3582 sit:
577 3541 665 3580 nunc
691 3519 730 3581 de
748 3517 938 3584 definitione
956 3519 1133 3582 audiamus.

128 3625 175 3692 ¹(1.
198 3631 232 3690 Ρ.
275 3627 468 3690 Communia
493 3626 614 3688 duntur
643 3626 677 3687 in
708 3626 770 3686 isto
802 3649 918 3710 genere
950 3626 1134 3690 accusatori

141 3734 370 3818 defensorique
388 3745 568 3818 praecepta.
613 3735 692 3796 Uter
711 3733 798 3796 enim
815 3733 1000 3796 definiendo
1016 3734 1135 3797 descri-

140 3843 315 3927 bendoque
339 3844 437 3904 verbo
458 3842 557 3926 magis
579 3841 616 3902 ad
640 3862 769 3902 sensum
791 3839 909 3923 judicis
930 3842 1134 3925 opinionem-

144 3974 207 4035 que
226 3950 422 4034 penetrarit,
455 3959 487 4012 et
504 3962 577 4012 uter
595 3929 635 4010 ad
654 3970 859 4008 communem
877 3949 967 4010 verbi
983 3949 1071 4027 yim,
1100 3959 1135 4011 et

144 4060 185 4122 ad
205 4082 276 4124 eam
294 4058 574 4144 praeceptionem,
598 4080 696 4142 quam
714 4055 897 4121 inchoatam
915 4057 1081 4124 habebunt
1099 4056 1133 4119 in
