2844 4874
801 451 856 525 66

326 651 366 715 de
390 650 513 716 ordine.
554 650 633 742 Ejus
658 651 841 714 observatio
867 649 974 714 estin
999 647 1108 712 verbis
1133 647 1269 732 singulis
1296 661 1333 714 et

326 761 499 824 contextis.
541 760 676 844 Singula
695 769 796 837 sunt,
828 780 912 841 quae
933 757 1107 824 ἀσύνδετα
1131 757 1273 820 diximus
1289 759 1332 837 Ἴ.

325 872 363 931 In
381 865 649 949 his'cavendum,
673 875 713 930 ne
730 866 915 930 desereseat
933 865 1039 927 oratio
1054 877 1086 930 et
1100 866 1230 928 fortiori
1249 867 1333 930 sub·

323 975 479 1062 jungatur
490 977 617 1061 aliquid
630 975 802 1052 infirmius,
824 984 862 1039 ut
875 973 1034 1058 sacrilego
1049 976 1113 1050 fur,
1136 987 1193 1036 aut
1205 973 1331 1036 latroni

322 1087 485 1171 petulans.
513 1085 634 1171 Augeri
647 1087 734 1150 enim
748 1086 867 1148 debent
881 1084 1073 1162 sententiae,
1093 1094 1126 1147 et
1138 1083 1329 1172 insurgere;

322 1206 360 1257 ut
388 1195 510 1278 optime
535 1189 670 1274 'Ciceros
715 1199 786 1268 Tu,
815 1195 939 1280 inquit,
969 1195 1037 1254 istis
1052 1190 1227 1278 saucibus,
1257 1196 1332 1254 istis

321 1305 492 1379 lateribus,
524 1306 584 1366 isto
606 1303 798 1385 gladiatorie
823 1281 918 1365 totius
939 1301 1250 1388 eorporisfirmitote
1270 1300 1331 1375 Ὗ.

321 1403 422 1473 Aliud
440 1409 529 1474 euim
546 1409 729 1495 majusalio
749 1410 948 1494 supervenit.
991 1409 1035 1471 At
1063 1408 1091 1470 si
1120 1408 1288 1492 coepisset
1310 1431 1330 1469 a

231 1586 233 1594 s
322 1527 393 1580 toto
419 1501 586 1605 corpore,
610 1540 676 1581 non
694 1520 778 1582 bene
803 1518 845 1581 ad
863 1520 964 1582 latere
986 1519 1167 1600 faucesque
1186 1516 1331 1580 deseen-

321 1627 423 1690 deret.
466 1629 528 1690 Est
544 1637 577 1690 et
592 1625 675 1690 nlius
693 1626 851 1689 naturalis
868 1625 968 1703 ordo,
1001 1631 1040 1684 ut
1059 1625 1146 1686 viros
1167 1645 1205 1686 ae
1230 1625 1331 1688 femi-

322 1757 403 1815 nas,
426 1735 513 1798 diem
530 1758 567 1797 ae
588 1744 731 1813 noctem,
754 1743 863 1796 ortum
878 1744 911 1796 et
927 1753 1080 1796 occasum
1097 1732 1186 1793 dieas
1202 1733 1329 1818 potius,

321 1865 421 1925 quam
447 1845 636 1905 retrorsum·
687 1839 854 1920 Quaedam
880 1839 995 1902 ordine
1026 1849 1210 1923 permutato
1240 1839 1330 1904 fiunt

320 1971 543 2035 supervacua,
570 1963 609 2014 ut
629 1951 746 2012 fratres
765 1946 908 2032 gemiui3
942 1969 1017 2010 nam
1039 1947 1066 2008 si
1084 1951 1329 2032 praecesserint

318 2057 460 2141 gemini,
492 2059 609 2120 fratres
631 2050 755 2120 ¹rddere
784 2078 852 2118 non
879 2065 928 2118 est
956 2077 1099 2118 necesse.
1143 2056 1328 2119 lilanimie

319 2166 536 2249 quorumdam
554 2166 617 2228 fuit
632 2165 828 2244 observatio,
852 2173 890 2226 ut
908 2163 1066 2226 vocabula
1082 2164 1201 2242 verbis,
1224 2167 1327 2228 verba

316 2295 432 2337 rursus
454 2274 616 2337 adverbiis
640 2283 672 2336 et
701 2271 835 2334 nomina
858 2271 1039 2361 adpositis,
1071 2271 1327 2357 pronominibus

318 2403 432 2443 rursus
449 2394 560 2444 esseut
577 2381 693 2464 priora.
736 2381 817 2442 Nam
831 2381 867 2442 fit
883 2391 999 2442 contra
1017 2400 1150 2467 quoque
1165 2381 1329 2464 frequen·-

320 2499 371 2550 ter
391 2487 555 2550 indecore.
599 2489 665 2549 Nee
692 2509 758 2550 nou
778 2469 817 2550 et
844 2486 928 2552 illud
955 2489 1074 2550 nimiae
1095 2473 1147 2550 esi
1167 2489 1330 2571 supersti-

318 2594 444 2674 tionis,
480 2603 517 2657 ut
546 2617 696 2678 quaeque
725 2594 792 2656 siut
819 2605 988 2679 tempore,
1026 2617 1062 2658 ea
1091 2596 1187 2658 etiam
1214 2596 1328 2658 facere
1409 2621 1410 2662 ς

317 2698 432 2766 ordine
452 2703 576 2786 priora:
613 2723 680 2764 non
706 2701 787 2785 quin
813 2705 1006 2787 frequenter
1029 2703 1157 2766 sithoc
1186 2702 1326 2782 melius,

317 2813 375 2876 sed
405 2813 484 2896 quia
513 2811 679 2874 interdum
708 2811 782 2895 plus
811 2812 921 2874 valent
949 2822 1025 2874 ente
1057 2822 1147 2895 gesta
1182 2811 1327 2896 ideoque
1408 2881 1409 2884 Ἴ

316 2913 494 2984 levioribus
513 2919 761 3006 superponenda
777 2927 865 2981 sunt.
907 2921 1017 2983 Verbo
1031 2919 1326 2997 sensumcludere,

317 3027 443 3105 multo,
467 3028 495 3090 si
512 3027 709 3112 compositio
726 3028 889 3112 patiatur,
912 3027 1072 3112 optimum
1091 3038 1150 3090 est.
1193 3029 1230 3090 ln
1251 3051 1327 3091 vers

316 3137 366 3200 bis
389 3135 477 3212 enim
500 3135 660 3198 sermonis
682 3134 732 3198 vis
757 3137 853 3199 inest
897 3135 940 3197 At
960 3136 987 3196 si
1011 3135 1043 3214 id
1066 3157 1214 3220 asperum
1237 3139 1322 3215 erit,
1407 3181 1408 3184 κ

319 3245 414 3308 cedet
430 3245 511 3307 haee
534 3243 621 3306 ratio
644 3243 806 3322 numeris,
840 3253 878 3305 ut
895 3243 933 3306 iit
950 3243 1035 3328 apud
1057 3264 1197 3305 summos
1219 3245 1323 3307 Grae·

319 3361 388 3414 eos?
402 3351 605 3436 Latinosque
631 3361 777 3416 oratores
797 3351 1075 3435 frequentissime.
1116 3351 1194 3416 Sine
1221 3353 1322 3414 dubio

319 3459 408 3543 euim
423 3483 531 3539 omne,
556 3457 645 3544 quod
663 3482 728 3521 non
747 3457 869 3536 cludet,
893 3458 1094 3544 hyperpatou
1111 3469 1170 3522 est.
1208 3461 1320 3544 ipsum

317 3566 381 3630 hoc
404 3567 491 3631 iuter
512 3578 624 3653 tropos
647 3561 699 3630 rel
721 3568 860 3658 figuras,
885 3588 967 3650 quae
991 3579 1070 3630 sunt
1089 3565 1243 3646 virtutis,
1266 3591 1320 3630 re-

319 3683 452 3758 ceptum
469 3685 528 3738 est.
570 3677 641 3737 Non
663 3675 751 3738 euim
769 3673 808 3736 ad
824 3673 922 3760 pedes
939 3675 1037 3739 verba
1057 3673 1202 3737 dimensa
1222 3685 1317 3753 suut:
1405 3659 1406 3666 ἵ

319 3785 668 3804 m

353 3837 378 3909 *)
403 3840 546 3910 Respicere
559 3839 670 3894 videtur
686 3848 783 3894 rumor
804 3837 840 3892 ad
855 3837 938 3908 hujus
956 3822 1040 3911 ipsiu's
1054 3835 1120 3892 iibri
1135 3855 1159 3894 e.
1174 3842 1198 3895 3.
1221 3828 1242 3912 ς.
1258 3841 1317 3903 51„

406 3933 456 3986 ubi
484 3935 524 3988 sic
550 3925 657 3990 hebet:
694 3934 770 3990 Illud
796 3934 977 4010 ἀσύνδετον,
1010 3933 1063 3990 hos
1097 3934 1318 3996 rotenorum
1404 3979 1405 4030 ,

406 4029 516 4087 dicitur.

343 4123 382 4195 ⁶)
406 4123 578 4200 Philippu.
598 4137 622 4180 e.
641 4125 683 4180 25·
702 4125 726 4196 5
744 4123 786 4178 63.
880 4126 884 4135 “
