2844 4874
560 463 612 536 77

518 663 542 744 ς.
580 668 636 770 or.

288 805 335 866 De
358 811 476 866 ornatu
498 823 537 868 ex
558 797 814 886 amplificatione
837 801 874 880 *).

24 997 26 1064 ,
110 965 225 1054 eumn.
262 935 442 1048 (1111111.
463 975 540 1032 1111.
560 993 584 1032 c.
603 981 627 1032 1.
647 979 730 1048 190.
751 985 780 1030 er
798 993 821 1030 ο.
840 981 864 1047 4.
885 977 907 1044 s.
933 995 941 1030 t
962 976 1059 1050 seqq.)
1113 967 1115 973 ’

134 1104 225 1164 ‘Sunt
240 1112 351 1166 cutem
364 1104 464 1188 positi
484 1103 606 1184 (scilic.
624 1104 845 1188 amplificandi
862 1112 894 1166 et
912 1102 1097 1166 minuendi

89 1209 185 1288 modi)
203 1209 237 1270 in
259 1213 350 1274 rebus
367 1220 400 1275 et
414 1213 531 1276 uerbis.
572 1211 642 1284 Sed,
653 1234 738 1298 quae
754 1212 796 1274 sit
809 1231 918 1275 rerum
932 1209 1082 1274 inventio

24 1291 26 1322 1

24 1325 26 1348 i

91 1345 435 1376 m

164 1457 259 1529 (Orat.
280 1475 303 1512 e.
323 1459 365 1529 43.
387 1460 409 1526 i.
430 1455 504 1530 147.)
523 1483 553 1498 ·-
592 1457 1025 1528 011111111111111411111111,
1052 1465 1086 1535 ut

164 1563 214 1608 aut
233 1555 309 1608 inter
330 1571 358 1606 se
371 1571 460 1626 quarn
483 1555 620 1626 aptissime
635 1555 801 1610 cohaereant
819 1539 940 1612 extrema
954 1571 1018 1608 cum
1031 1554 1094 1626 pri-·

164 1650 231 1715 mis,
261 1665 352 1720 eaque
374 1651 429 1712 sint
444 1667 526 1721 quum
542 1651 707 1705 suavissimis
722 1650 852 1719 vocibus3
881 1658 930 1704 sut
952 1658 984 1704 ut
1000 1649 1087 1704 forme

164 1744 222 1815 ipsa
237 1743 468 1817 concinnitasque
483 1743 626 1800 verborum
646 1745 774 1800 conficiat
790 1745 883 1800 orbem
904 1763 1001 1812 suurn,
1036 1753 1088 1798 aut
1109 1781 1112 1799 1

165 1847 196 1891 ut
217 1839 427 1912 comprehensio
455 1855 599 1896 numerose
626 1851 655 1896 et
678 1851 741 1912 apte
767 1841 855 1894 cadat.
900 1841 992 1914 Atque
1013 1839 1087 1896 illud

158 1933 284 2006 ‚primum
299 1934 458 2000 videamus,
485 1936 569 2008 quale
583 1935 637 2000 sit,
666 1937 740 2006 quod
755 1934 800 1989 vel
816 1935 933 1988 maxime
950 1936 1088 1988 desiderat

165 2028 357 2096 diligentiam,
385 2036 417 2081 ut
431 2029 480 2080 fiat
497 2027 575 2100 qussi
590 2035 727 2082 structura
742 2027 895 2098 quaedam,
922 2047 973 2083 nec
994 2039 1089 2084 tamen

165 2123 213 2200 fipt
235 2141 363 2195 operose,
384 2137 447 2174 nam
463 2131 534 2174 esset
548 2139 634 2193 quum
649 2121 772 2192 puerilis,
792 2131 850 2175 turn
863 2121 988 2176 infinitus
999 2122 1087 2176 lebor.

166 2249 198 2260 -
240 2219 310 2272 Nolo
329 2227 386 2271 tarn
406 2218 513 2269 minuta
536 2214 647 2286 [haec]
672 2217 839 2268 constructio
861 2226 1005 2287 appareat3
1039 2215 1089 2270 sed

166 2323 263 2366 temen
280 2313 359 2366 stilus
383 2311 548 2364 exercitatus
567 2309 669 2364 efficiet
693 2309 775 2363 focile
796 2309 869 2364 hano
887 2310 958 2366 viam
971 2317 1090 2386 ‘compo-

165 2409 262 2462 nendi·
298 2408 366 2460 Nem
384 2407 458 2458 utin
472 2405 590 2474 legendo
607 2406 722 2470 oculus,
751 2407 790 2460 sic
806 2407 911 2460 enimus
926 2407 954 2457 in
970 2406 1089 2459 dicendo
1168 2390 1172 2394 ¹

166 2501 333 2576 prospiciet,
361 2500 429 2574 quid
443 2508 594 2574 sequatur,
621 2519 657 2554 ne
672 2479 854 2555 extremorum
869 2500 1014 2565 tonberum
1029 2519 1093 2555 cum

167 2587 380 2668 insequentibus
402 2595 494 2667 primis
518 2603 668 2653 concursus
689 2605 738 2650 aut
761 2569 971 2653 hiulcasrioces
994 2594 1093 2650 efficiat

169 2701 220 2744 eut
238 2675 351 2762 asperas.
390 2691 520 2760 Quemvis
544 2692 616 2744 enim
635 2710 732 2759 srraxves
749 2709 898 2766 gravesque
919 2689 1093 2756 sententiae,

169 2794 265 2838 tamen
290 2785 312 2837 si
335 2785 482 2838 inconditis
506 2781 595 2840 verbis
622 2790 790 2854 efferuntur,
830 2787 1092 2854 mendositates,
1148 2770 1151 2778 ,

170 2898 288 2954 quarum
304 2890 345 2934 est
360 2881 496 2948 judicium
512 2881 741 2952 superbissimum.
778 2882 869 2955 (ibid.
886 2899 909 2936 c.
924 2881 966 2958 44.
986 2883 1024 2950 ii.
1045 2881 1094 2951 149
1188 2951 1190 2957 Ι

171 2987 203 3035 et
221 2976 297 3047 150.)
316 3005 348 3018 -
385 2978 442 3032 Nec
463 2979 551 3030 solum
576 2989 774 3050 componentur
792 2977 874 3031 verba
895 2978 1017 3041 ratione,
1044 2975 1093 3032 sed

171 3071 256 3126 etiarn
272 3071 420 3136 finientur,
440 3072 571 3144 quonism
585 3073 614 3125 id
629 3073 763 3141 judicium
782 3091 839 3126 esse
854 3071 970 3124 sitorum
985 3070 1093 3124 surium

167 3167 302 3220 diximus.
345 3167 401 3220 Sed
424 3167 558 3220 finiuntur
579 3176 628 3220 eut
651 3169 850 3238 compositione
867 3169 946 3238 ipsa,
975 3174 1023 3218 eut
1044 3183 1094 3217 sue

117 3329 120 3336 Ι
174 3273 290 3334 sponte,
311 3271 339 3316 et
355 3263 473 3334 quodam
490 3281 588 3332 genere
602 3263 763 3328 verberum,
790 3264 819 3316 in
836 3262 936 3334 quibus
950 3261 1015 3333 ipsis
1028 3277 1094 3312 con·

176 3356 294 3411 cinnitas
310 3357 398 3424 inest;
424 3375 496 3428 quae
515 3359 573 3412 sive
596 3353 679 3411 casus
697 3357 802 3412 habent
822 3357 852 3410 in
874 3355 949 3410 exitu
972 3354 1093 3420 similes,

175 3451 232 3504 sivo
252 3450 362 3522 paribus
381 3451 456 3523 paria
473 3437 645 3519 redduntur,
671 3452 728 3508 sive
751 3449 1092 3524 opponunturcontssria,

178 3556 276 3616 suopte
291 3557 389 3600 natura
403 3565 546 3622 numerose
560 3557 640 3613 sunt,
668 3529 861 3602 etiamsi'nihit
883 3555 923 3600 est
938 3545 1042 3599 facturn
1059 3546 1094 3600 de
1109 3537 1111 3544 d
1154 3562 1157 3570 ·

176 3640 318 3695 industria.
356 3636 436 3714 (ibid
468 3658 491 3697 c.
511 3643 554 3713 49.
573 3641 594 3712 i.
617 3642 696 3712 164.)
714 3668 746 3682 ·—

182 3759 184 3764 ·
207 3753 210 3758 ·
231 3737 359 3790 Ceterum
377 3736 465 3790 multa
478 3745 507 3808 ct
518 3737 657 3809 praeclare
677 3737 713 3790 de
732 3735 785 3790 hnc
799 3753 827 3788 re
844 3735 874 3788 in
887 3753 967 3808 supro
980 3735 1095 3790 laudato
1124 3771 1127 3777 -

178 3830 264 3885 Dion.
279 3832 408 3886 Halicar.
430 3831 465 3884 do
487 3832 636 3888 verborum
653 3848 771 3901 compos.
787 3830 858 3883 libro
874 3832 1093 3903 praecipiuntur,

179 3943 250 3997 quse
265 3925 311 3979 hic
324 3927 436 3995 omnino
451 3926 633 3998 comparanda
648 3924 881 3982 commendantur.
1221 3995 1236 4004 ‘

131 4016 154 4087 *)
177 4022 268 4092 Ampti
292 4023 366 4074 cotio
392 3993 531 4096 (ἇῦξησις
549 4025 599 4078 καὶ
617 4018 763 4090 δείνωσις)
792 4029 851 4074 turn
869 4021 964 4080 adres
982 4032 1042 4076 turn
1060 4023 1095 4076 nd
1161 4003 1190 4080 „⁸

181 4115 264 4172 verbs
277 4116 413 4189 pertinere
427 4125 536 4190 potest,
556 4125 588 4171 ut
602 4115 700 4171 Noster
710 4115 860 4172 rectissime
875 4127 987 4184 monet,
1005 4117 1095 4190 quod·
1121 4177 1129 4187 ἱ
