2942 4864
614 423 699 502 275

94 622 96 632 ’
156 619 292 709 quidem
316 621 384 682 ulle
401 621 481 701 erit,
499 597 539 684 ut
561 621 677 686 debeat
696 641 767 684 esse
790 619 966 700 continua,
988 625 1072 688 etin
1090 645 1157 688 eos-

158 731 238 794 dem
258 729 385 822 semper
413 730 511 816 pedes
542 729 598 792 ire.
648 730 728 790 Nam
760 740 793 793 et
818 731 1028 793 versificandi
1056 753 1158 816 genus

157 850 227 916 est,
259 861 357 900 unam
384 837 489 918 legem
522 837 674 900 omnibus
704 839 906 906 sermonibus
939 839 1034 916 dare,
1067 849 1101 901 et
1125 840 1160 900 id

156 941 233 1010 eum
249 945 421 1027 manifesta
443 945 648 1008 affectatione
668 945 779 1029 (cujus
796 946 842 1007 rei
860 947 996 1008 maxime
1014 949 1160 1010 cavenda

156 1055 302 1138 suspicio
330 1057 399 1134 est)
417 1063 488 1116 tum
513 1055 610 1117 etiarn
634 1055 848 1116 similitudine
873 1055 1016 1118 taedium
1046 1079 1082 1118 ae
1110 1079 1161 1117 sa-

145 1164 305 1228 tietatem
324 1143 437 1226 creat.
483 1165 623 1245 Quoque
653 1171 707 1224 est
740 1162 891 1240 dulcius,
927 1164 1028 1246 magis
1057 1165 1159 1246 perit,

155 1271 346 1354 amittitque
372 1281 404 1334 et
434 1270 550 1348 fidem,
580 1282 615 1332 et
638 1270 794 1347 affectus,
829 1281 1004 1354 motusque
1025 1251 1160 1351 omnes,

154 1379 215 1464 qui
236 1391 286 1442 est
311 1379 344 1448 in
369 1377 431 1440 hac
453 1399 530 1440 cura
555 1377 797 1461 deprehensum
833 1399 894 1440 nec
914 1389 1026 1462 potest
1043 1381 1072 1443 ei
1090 1391 1162 1442 'cre-

152 1489 254 1564 dere,
290 1475 347 1549 aut
377 1496 514 1570 propter
541 1507 615 1546 eum
642 1485 752 1548 dotere
778 1497 810 1548 et
836 1486 934 1547 irasci
947 1486 1073 1572 ¹judeu,
1106 1485 1162 1562 cni

150 1605 249 1682 putat
267 1593 331 1656 hoe
351 1615 477 1655 vacare.
525 1593 668 1674 Ideoque
690 1563 821 1654 interim
838 1593 865 1670 *)
889 1595 1046 1676 quaedem
1068 1595 1163 1677 quasi

150 1701 315 1765 solvende
332 1701 372 1762 de
392 1699 554 1762 industria
575 1710 670 1777 sunt,
694 1700 751 1760 illa
769 1699 901 1792 quidem
919 1703 1051 1762 maximi
1073 1703 1165 1764 labo-

150 1811 219 1889 ris,
256 1833 297 1872 ue
318 1810 463 1871 laborata
486 1809 668 1872 videantur.
713 1809 777 1869 sed
802 1829 914 1890 neque
942 1810 1163 1894 longioribus,

152 1941 256 2004 quam
284 1919 430 2002 oportet,
476 1907 663 2008 hyperbatis
699 1917 931 2000 compositioni
963 1921 1162 1999 serviamus,

151 2049 217 2105 ne,
254 2045 338 2110 quae
364 2023 432 2108 ejus
454 2025 559 2108 gratia*
573 2019 768 2102 fecerimus,
799 2017 935 2110 propter
952 2049 1022 2090 eam
1043 2027 1162 2090 fecisse

134 2135 334 2200 uideamur.
383 2134 428 2196 Et
460 2141 550 2195 certe
579 2131 708 2192 nullum
736 2125 982 2216 aptumatque
1008 2134 1165 2196 idoneum

142 2243 293 2328 'verbum
316 2240 614 2326 praetermittemus
639 2237 742 2322 gratia
770 2237 927 2303 lenitatis.
948 2263 993 2294 -'·

598 2462 642 2532 s:
671 2459 723 2551 se.
807 2431 809 2438 ’

303 2686 306 2697 .
404 2582 414 2598 t
441 2578 548 2679 Cicero.
583 2613 675 2688 (Orat.
697 2631 720 2670 c.
739 2615 777 2668 61Ἰ
791 2611 889 2688 seqq.)

182 2809 184 2816 v
216 2775 413 2857 Quaesitum
434 2773 507 2854 est',
540 2776 574 2836 in
600 2785 716 2838 totone
739 2774 882 2838 circuitu
907 2775 963 2836 illo
983 2777 1164 2858 orationis,
1230 2799 1234 2808 ’

150 2893 258 2974 quem
275 2887 392 2948 Graeci
411 2885 586 2968 περίοδον,
619 2905 679 2944 nos
702 2894 772 2945 tum
794 2883 971 2961 ambitum,
1006 2897 1077 2946 tum
1098 2887 1163 2946 cir-

150 2999 301 3072 cuitum,
325 3006 396 3056 tum
413 2979 757 3075 comprehensionem,
782 3002 839 3051 eut
857 2983 1160 3079 continuationem,

148 3117 211 3168 aut
226 3099 737 3184 circumscriptionemdicimus;
758 3118 798 3158 an
814 3097 846 3160 in
858 3099 1032 3190 principiis
1043 3095 1165 3186 solum,

148 3235 194 3274 an
213 3215 251 3272 iu
273 3209 445 3284 extremis,
474 3229 515 3267 un
537 3207 571 3266 in
591 3194 731 3289 utruque
754 3218 846 3288 parte
869 3192 1023 3267 numerus
1043 3217 1163 3268 teneu-

148 3321 216 3383 dus
239 3318 307 3379 sit't·
323 3351 362 3370 ν-
384 3351 443 3370 -.
467 3317 503 3378 Iu
520 3315 659 3374 historia
676 3325 709 3376 et
725 3314 757 3374 in
777 3335 832 3390 ee,
857 3313 945 3404 quod
960 3303 1159 3394 appellamus

148 3425 403 3500 ἐπιδεικτικὸν,
433 3421 542 3506 piacet
568 3422 677 3482 omnia
709 3420 773 3481 dici
795 3408 958 3480 Isocrateo
976 3420 1162 3509 Theopom-

145 3543 285 3621 peoque
313 3553 424 3608 more,
456 3511 848 3621 iilatcircumscriptione
877 3525 1089 3611 ambituque,
1124 3535 1163 3593 ut

147 3641 332 3726 tamquam
355 3641 390 3700 in
423 3641 501 3702 orbe
527 3640 656 3701 inclusa
677 3626 792 3701 'currat
818 3639 944 3729 oratio,
977 3629 1163 3722 quoad⁴in-
1201 3713 1202 3718 ἵ
1269 3635 1271 3639 “

149 3753 254 3816 eistat
273 3751 308 3810 in
332 3749 467 3832 singulis
476 3747 646 3833 ,perfectis
667 3731 893 3840 absolutisque
914 3735 1097 3813 sententiis.
1119 3771 1163 3800 ..¹-

151 3862 274 3924 Genus
296 3843 404 3920 autem
419 3857 482 3922 hoc
502 3853 661 3918 orationis
679 3841 788 3938 neque
802 3865 909 3918 totum
926 3859 1159 3924 assumendum
1224 3851 1243 3865 χ

166 3993 516 4016 ‘uanum—§anuum
594 4002 597 4010 ·

201 4073 231 4148 ')
249 4074 404 4130 Nonnulli:
422 4069 508 4126 initia.
544 4072 620 4126 Atii:
638 4071 738 4128 vincta.
