2942 4864
140 577 278 642 oratoria
297 575 826 643 immortalitati'commendaturl
865 583 947 646 Nam
966 584 994 646 si
1011 601 1076 668 qua
1092 595 1147 654 est*

140 705 193 748 ara
214 687 277 746 alia
289 732 298 766 ‚
324 707 405 770 quae
421 688 615 768 verborum,
638 699 694 750 aut
712 689 955 767 faciendorum,
984 704 1041 755 aut
1061 693 1145 756 deli·
1243 683 1248 690 ¹

140 794 321 878 gendorum
337 795 510 858 scientiam
527 797 741 878 profiteatur;
767 798 794 858 si
811 799 987 882 quisquam
1005 801 1141 881 dicitur,

140 903 369 980 nisiorator,
401 904 543 976 ‚formare
575 906 757 967 orationem
784 928 920 990 eamque
950 909 1076 979 variare
1107 919 1145 972 et:
1189 899 1191 910 ¹
1275 969 1276 976 ,

139 1012 354 1094 distinguere,
379 1011 685 1094 quasiquibusdam
700 1015 874 1075 verborum
892 1013 1145 1080 sententiarum·
1166 1075 1167 1087 ,

139 1139 205 1202 qne
223 1118 430 1202 insignibam
455 1131 511 1182 aut
529 1119 556 1180 ai
574 1120 628 1180 via
646 1119 735 1199 ulla,
760 1121 824 1184 nisi
841 1122 880 1185 ah
900 1122 1043 1186 hac'uua
1059 1135 1142 1204 arte,
1213 1185 1214 1188 ,

138 1227 303 1304 traditur,
337 1241 393 1289 aut
415 1206 681 1309 argumentoium
709 1238 765 1290 aut
793 1231 1052 1310 sententiarum,
1085 1241 1144 1298 aut

137 1323 282 1418 denique
311 1331 543 1420 descriptionis
572 1337 849 1434 atquaordinis:
890 1339 1052 1402 fateamur
1085 1351 1143 1406 aut

135 1442 220 1523 hoc,
252 1443 341 1526 quod
367 1442 446 1506 haec
472 1465 523 1504 ara
551 1445 762 1528 profiteatur,
796 1445 939 1508 alienum
960 1448 1051 1525 ease,
1084 1455 1144 1512 aut

139 1572 216 1614 curn
240 1552 351 1634 aliqua
377 1550 439 1610 alia
465 1561 534 1614 arte
568 1573 640 1613 esse
664 1575 848 1615 commune.
877 1531 954 1616 -Secl
978 1555 1056 1616 siin
1078 1555 1143 1618 hac

139 1681 205 1722 una
218 1671 272 1734 ⁴est
289 1681 326 1721 ea
340 1659 423 1722 ratio
442 1667 541 1742 atque
559 1657 730 1740 doctrina;
764 1682 849 1736 uon,
882 1659 910 1722 ai
929 1661 987 1742 qui
1004 1662 1145 1730 aliarum'

140 1761 259 1828 artium
272 1768 357 1830 bene
373 1766 505 1849 loquuti
522 1777 610 1841 sunt,
632 1768 792 1846 eopninua
810 1766 845 1829 id
861 1779 911 1830 eat
924 1767 1024 1852 hujus
1040 1769 1142 1832 unius

137 1875 326 1960 proprium
350 1874 408 1938 sed
427 1885 464 1936 ut
476 1883 588 1935 orator
600 1873 640 1936 de
658 1873 698 1934 iis
715 1874 830 1952 rebus,
855 1895 938 1957 quae
957 1886 1142 1943 ceterarum

129 1983 258 2045 ‘artium
286 1992 383 2061 sunt,
417 1983 444 2044 ai
471 1981 569 2068 modo
599 2004 651 2044 eas
680 1982 850 2064 cognorit,
880 2017 921 2046 ·.-
942 2017 988 2050 -τ,
1016 1971 1141 2066 optime

67 2175 68 2182 ἵ
136 2100 248 2178 potest
272 2091 399 2153 dicere:
432 2081 480 2150 aio
505 2095 706 2150 caeterarum
730 2089 849 2148 artium
872 2086 1023 2150 homines
1045 2110 1140 2149 orna·

135 2200 204 2263 tius
225 2199 281 2260 illa
301 2219 361 2260 aua
383 2197 519 2272 dicunt,
551 2194 682 2280 siquid
704 2197 744 2258 ab
766 2194 828 2260 hau
852 2205 920 2260 arta
940 2195 1140 2264 didicerunt,

138 2306 238 2386 (lbid.
256 2328 283 2369 c.
305 2310 354 2391 9.)
412 2341 419 2353 „
858 2302 861 2314 ’

305 2423 311 2452 )

304 2579 311 2592 Δ
336 2497 538 2567 Quintilianus.
574 2496 683 2569 (Instit.
702 2507 768 2554 orat.
785 2500 822 2554 11.
842 2515 865 2553 c.
885 2495 941 2570 16.)
1047 2551 1049 2561 ,
1080 2503 1089 2510 “

195 2605 525 2709 SequiturquaestiO,
548 2647 589 2686 en
603 2629 690 2688 utilis
705 2625 887 2690 rhetorice?
908 2629 990 2689 Nam
1005 2625 1139 2710 quidam

134 2731 345 2795 vehementur
365 2735 400 2794 in
422 2755 491 2797 eam
510 2721 622 2796 invehi
645 2734 771 2796 solent:
794 2746 838 2810 et,
863 2734 952 2818 quod
974 2737 1016 2797 sit
1031 2735 1140 2818 indig-
1245 2736 1246 2753 ¹

134 2839 329 2916 nissimum‚
363 2841 395 2902 in
418 2821 666 2907 accusationem
683 2842 841 2906 orationis
863 2827 1004 2902 utuntur
1022 2823 1138 2913 orandi

133 2949 274 3014 viribus:
304 2948 538 3046 Eloquentiam
558 2972 650 3027 esse,
685 2971 769 3032 quae
791 2951 907 3033 poenis
929 2936 1046 3034 eripiat
1066 2955 1140 3012 sce-⁶

133 3057 246 3132 tostos,
271 3053 363 3137 cujus
379 3058 494 3126 fraude
510 3034 708 3130 damnentur
725 3059 858 3123 iuterim
877 3059 974 3136 honi,
996 3057 1139 3120 consilia

134 3151 300 3229 ducantur
328 3164 362 3224 in
391 3162 512 3251 pejusq
537 3187 598 3228 nec
629 3167 805 3230 seditiones
832 3166 928 3228 ruodo
956 3167 1138 3250 turbaeque
1205 3161 1208 3171 '

132 3272 326 3358 populares,
358 3271 415 3332 scd
443 3273 528 3334 bella
557 3273 654 3334 etiarn
688 3273 898 3357 inexpiabilia
928 3273 1115 3334 excitentur
1125 3295 1134 3345 ς

135 3378 228 3463 cujus
251 3372 396 3462 denique
418 3379 645 3460 tumssmax‘ime
669 3383 711 3442 sit
732 3405 830 3457 usus,
863 3403 938 3444 cum
963 3403 1023 3465 pro
1043 3365 1136 3452 falsis
1187 3465 1188 3472 ἵ

135 3498 250 3552 contra
284 3489 455 3551 veritatem
491 3490 587 3550 valet.
636 3491 715 3552 Nam
754 3503 786 3552 et
809 3490 937 3552 Socrati
974 3488 1137 3578 objidiunt

133 3597 251 3660 comici
268 3597 295 3676 *)
306 3641 315 3675 ,
350 3595 468 3660 docere
493 3619 585 3676 euru,
616 3597 781 3680 quomodo
814 3597 957 3684 pejorem
985 3618 1135 3660 caussam

144 3865 146 3870 ·
175 3835 201 3909 *)
218 3839 417 3910 Aristophanae
431 3837 461 3890 in
476 3836 548 3891 aaa.
567 3855 592 3892 r.
611 3841 754 3911 conseqq.
775 3837 815 3892 Cf.
831 3839 936 3894 Seneca
949 3837 984 3892 da
998 3841 1044 3895 vit.
1058 3840 1133 3901 beat.

216 3951 241 3990 c.
249 3948 295 4004 pp.
312 3933 361 3986 ubi
377 3935 503 3988 Socrates
515 3933 570 3988 hoc
586 3928 667 3988 modo
682 3935 718 3987 de
732 3951 761 3987 ae
774 3935 833 4006 ipso
844 3935 965 4006 loquens
977 3937 1131 3992 induciturz

220 4029 358 4084 «Praebui
386 4047 435 4100 ego
458 4029 609 4104 aliquando
631 4029 804 4105 Aristophani
828 4031 969 4088 materiam
990 4035 1143 4102 jocorum3‘
