2890 4866
819 455 905 533 533
1416 415 1417 498 j

356 651 496 720 maxime
510 655 697 718 demittitur
714 654 843 716 animus
851 651 1048 727 bominum,
1073 660 1110 713 et
1127 650 1171 712 ad
1188 647 1356 710 misericor·

357 765 444 826 diam
462 772 689 847 comparatu&
724 786 800 826 cum
816 763 851 822 in
875 761 985 822 alieno
1007 759 1102 823 malo
1122 781 1217 820 suam
1238 752 1357 816 infirmi-
1416 761 1417 768 ’

357 883 458 936 tatem
477 873 710 935 considerabit.
750 871 879 934 Deinde
902 871 1030 953 primus
1054 869 1158 930 loeus
1180 877 1232 928 est
1248 861 1359 924 miseri

324 1018 330 1028 .
360 981 513 1058 cordiae,
534 1001 730 1064 perquem,
753 981 874 1062 quibus
892 979 928 1038 in
942 977 1043 1038 bonis
1054 976 1200 1057 suerint,
1222 983 1254 1036 et
1271 989 1359 1043 nune,
1416 1027 1417 1072 ρ

358 1089 522 1172 quibus'
513 1111 548 1150 tn
579 1088 673 1148 malis
704 1086 790 1164 sint,
830 1085 1031 1150 ostenditur.
1085 1083 1283 1155 Secundus,
1311 1073 1360 1157 qui
1416 1073 1417 1170 J

253 1277 259 1290 Ι
357 1195 394 1258 iu
424 1207 571 1279 tempora
603 1197 782 1271 tribuitur,
822 1215 882 1278 per
910 1215 1029 1276 quem,
1066 1191 1232 1276 quibus
1223 1212 1257 1250 tn
1280 1183 1360 1246 malis

347 1303 497 1388 suerint,
528 1313 561 1364 et
580 1305 667 1378 sint,
694 1313 729 1364 et
743 1303 849 1363 futuri
869 1304 957 1379 sint,
984 1303 1250 1363 demonstratur.
1291 1295 1362 1354 Ter·
1416 1273 1417 1372 l

346 1412 447 1486 ains,
479 1431 658 1493 perquem
685 1411 948 1494 unumquodque
970 1411 1168 1496 deplorem
1191 1407 1362 1466 incommo-
1416 1387 1417 1400 ἵ

358 1517 456 1593 dum,
482 1517 576 1580 utin
604 1528 708 1581 morte
734 1519 815 1594 filii,
847 1519 1010 1602 pueritiae
1035 1515 1242 1589 delectatio,
1270 1526 1360 1578 amors

358 1646 454 1708 spes,
478 1625 649 1702 solatium,
673 1627 838 1702 educatio,
860 1637 904 1702 et,
927 1627 955 1687 si
975 1648 1042 1707 qna
1061 1625 1169 1698 simili
1193 1623 1226 1684 in
1243 1635 1360 1702 generes
1416 1685 1417 1706 ᾖ

362 1734 513 1816 quolibet
531 1733 572 1795 de
591 1710 801 1796 incommodo
819 1756 879 1816 per
894 1735 1177 1816 conquestionem
1195 1728 1261 1790 dici
1279 1733 1361 1806 pote·
1416 1733 1417 1802 l

358 1853 450 1904 runt.
492 1845 658 1919 Quartus,
680 1864 740 1924 per
764 1865 863 1924 quem
879 1862 932 1903 res
946 1856 1077 1923 turpes,
1099 1851 1134 1902 et
1154 1835 1312 1906 humiles,
1333 1835 1360 1886 el
1416 1833 1417 1926 l

359 1949 536 2012 illiberales
562 1953 790 2031 proferentur,
830 1962 864 2012 et
886 1949 1039 2032 indignae
1061 1959 1194 2024 aetate,
1236 1957 1360 2026 generes

359 2056 512 2133 fortuna,
534 2058 675 2140 pristino
690 2057 828 2134 bonore,
849 2058 1035 2119 beneficiis·
1059 2079 1148 2141 quas
1166 2051 1276 2138 passi,
1297 2063 1362 2128 per·
1416 2069 1417 2090 1

359 2187 531 2250 pessume
549 2168 627 2230 sint
670 2169 816 2247 Quintus
843 2177 914 2245 est,
945 2189 1006 2251 per
1032 2189 1139 2248 quem
1160 2161 1270 2224 omnia
1293 2160 1360 2212 uult
1416 2193 1417 2208 .

361 2279 472 2340 oculos
494 2277 683 2360 singillatim
707 2276 913 2338 incommoda
932 2285 1124 2358 ponentur,
1162 2286 1202 2335 nt
1220 2267 1358 2330 videatur

362 2384 413 2460 it,
446 2383 503 2466 qui
524 2385 640 2461 audit,
670 2385 801 2462 videre,
830 2393 863 2444 et
881 2406 917 2445 re
936 2404 1070 2465 quoque
1087 2384 1181 2470 ipsa,
1206 2365 1362 2462 quasiad·

363 2491 426 2567 tit,
462 2512 529 2550 non
556 2492 664 2554 verbis
696 2493 822 2568 solnm,
862 2491 905 2552 ad
930 2491 1196 2552 misericordiam
1223 2488 1360 2549 ducatur

361 2601 501 2675 Sextus,
541 2621 602 2683 per
626 2621 723 2682 quem
744 2609 874 2682 praeter
895 2622 982 2684 spem
1004 2600 1038 2660 in
1066 2600 1215 2662 miseriis
1243 2595 1362 2656 demon
1416 2649 1417 2654 ,

363 2715 488 2768 stratur
506 2728 597 2781 esse3
621 2717 674 2785 et,
698 2730 773 2769 cum
791 2703 920 2788 aliquid
938 2719 1168 2790 exspectaret,
1193 2727 1259 2768 non
1278 2690 1417 2760 1110ἆο
1416 2677 1417 2782 i

325 2855 329 2863 ,
365 2813 399 2878 id
424 2835 488 2875 nou
508 2814 663 2898 adeptum
689 2837 782 2892 esse,
813 2813 897 2876 sed
888 2836 923 2875 tn
952 2835 1095 2877 summas
1119 2814 1272 2880 miserias
1291 2798 1360 2867 incl·
1416 2783 1417 2894 l

320 2909 340 3018 ἠ
364 2923 462 2986 disse.
503 2923 690 3006 Septimus,
719 2945 896 3007 perquem
916 2924 1093 3006 ud1psos,
1124 2925 1186 3008 qni
1212 2911 1417 2984 audienti

365 3032 506 3095 similem
530 3055 644 3096 casum
670 3033 892 3095 convertimus
916 3043 951 3094 et
976 3033 1138 3115 petimus,
1175 3045 1216 3094 nt
1237 3030 1277 3090 de
1302 3031 1359 3082 11115
1416 3041 1417 3090 ἒ

365 3140 498 3222 liberis,
531 3151 589 3204 aut
608 3141 819 3224 parentibus,
857 3151 915 3202 aut
937 3141 1068 3224 aliquo,
1101 3143 1162 3226 qni
1186 3139 1255 3201 illis
1276 3142 1360 3195 caru⁵

365 3249 482 3312 debent
496 3271 579 3324 esse,
603 3273 662 3310 nos
679 3273 756 3314 eum
771 3249 915 3326 videant,
939 3249 1166 3312 recordentur.
1210 3249 1358 3308 octavus,

366 3379 424 3440 per
441 3379 539 3439 quem
556 3358 683 3440 aliquid
700 3358 824 3420 dicitur
840 3379 910 3420 esse
918 3359 1063 3442 sactum,
1085 3359 1174 3440 quod
1195 3379 1260 3418 non
1278 3362 1360 3431 opor‘

367 3466 487 3539 tuerit3
512 3467 575 3527 aut*
590 3489 657 3528 non
676 3470 817 3541 luctum,
839 3467 929 3550 quod
948 3467 1150 3550 oportuerit,
1170 3466 1235 3528 boc
1255 3453 1358 3521 m0d⁰²

299 3612 304 3628 ›
367 3575 440 3636 Non
468 3576 567 3653 affui,
604 3596 672 3636 non
700 3575 792 3651 vidi,
828 3597 896 3636 non
926 3585 1125 3658 postremam
1155 3573 1225 3659 ejus
1254 3577 1361 3629 vocem
1416 3635 1417 3656 ζ

368 3681 500 3770 atidivi,
535 3704 600 3744 non
629 3693 809 3746 extremum
835 3681 906 3766 ejus
930 3683 1081 3766 spiritum
1103 3683 1225 3765 excepi.
1267 3678 1359 3736 Item,

285 3847 288 3856 Δ
343 3787 579 3870 'inimieorum
599 3790 632 3852 in
656 3791 806 3853 manibus
828 3802 977 3852 mortuns
1001 3805 1068 3870 est,
1098 3791 1210 3852 hostili
1230 3787 1262 3848 in
1282 3792 1361 3844 terra

368 3896 512 3977 turpiter
527 3895 629 3980 jacuit
647 3900 855 3984 insepultus,
887 3921 906 3958 a
925 3901 1004 3961 feris
1023 3902 1080 3962 din
1098 3910 1252 3973 vexatus,
1283 3903 1360 3953 com·

369 4002 462 4068 muni
486 4027 620 4088 quoqne
641 4009 768 4072 honore
792 4009 826 4070 in
854 4018 959 4070 morte
982 4010 1099 4073 caruit.
1147 4011 1279 4080 Nonus,
1310 4009 1361 4079 pffl'
1416 4081 1417 4114 ρ

246 4119 265 4134 “
372 4135 469 4200 quem
487 4115 592 4176 0111ῐὶ0
616 4117 656 4197 1111
673 4131 796 4191 mutas,
817 4130 850 4181 st
864 4130 1012 4202 expertes
1029 4118 1129 4178 animi
1144 4139 1195 4180 res
1211 4115 1359 4178 rescitur:
