2970 4868
807 345 960 493 aaa

312 627 317 634 “
353 613 537 692 circuibat,
570 631 703 677 carmen
731 598 767 672 i‘n
791 610 985 689 victoriam,
1023 631 1124 695 quarn
1149 609 1264 694 adepti
1279 613 1345 674 tua·

352 732 447 802 rant,
480 721 660 796 canebant,
694 717 785 784 etde
805 739 844 784 co
864 717 943 782 ioll'e
960 718 1075 782 limina
1098 719 1244 802 frugibus
1264 699 1346 802 spar-

353 832 481 917 gebant.
531 825 691 892 Nonnulli
721 839 754 890 et
782 828 816 890 in
841 827 990 907 Italiam,
1022 837 1055 890 et
1080 828 1113 892 in
1135 827 1286 912 Lydiam,
1317 835 1346 888 et

354 917 538 1022 Aegyptum
550 935 721 998 transiisse
738 933 920 998 creduntur
929 959 936 1009 ;
955 956 1044 1018 -quos
1060 935 1229 1019 Lydiastas
1244 943 1276 996 et
1289 935 1347 994 Bn-
1390 959 1393 964 ¹

357 1047 492 1108 colistas
512 1045 767 1128 appellaverunt
811 1045 1008 1126 Quanquam
1028 1053 1078 1106 est
1098 1051 1132 1105 et
1149 1041 1212 1104 alia
1224 1041 1344 1125 opinio,

356 1153 483 1219 circum
509 1172 607 1234 pagos
625 1160 666 1214 et
692 1149 810 1234 oppida
835 1149 950 1212 solitos
973 1151 1075 1214 luisse
1098 1159 1245 1234 pastores
1267 1169 1348 1210 com·

354 1262 463 1348 posito
483 1260 628 1323 carmine
645 1260 773 1344 precari
796 1269 952 1342 pecorum
979 1270 1012 1322 et
1034 1261 1166 1341 frugum
1193 1258 1346 1319 omnium·

357 1392 423 1456 qne
451 1391 562 1431 rernm
596 1377 793 1452 proventum
804 1394 813 1442 i
854 1381 954 1452 atque
984 1367 1060 1442 inde
1075 1370 1124 1428 ·iu
1154 1367 1244 1430 huuc
1272 1365 1348 1426 diem

355 1467 488 1540 manere
508 1497 627 1540 nomen
649 1485 683 1538 et
701 1476 803 1538 ritum
818 1477 1060 1538 Bucolicorum.
1103 1478 1227 1538 Putant
1249 1485 1347 1536 autem

357 1583 512 1668 qnidam,
542 1583 607 1646 hoc
626 1605 728 1667 genus
747 1583 902 1647 carminis
921 1585 1063 1669 primurn
1080 1585 1242 1672 Daphnim
1268 1603 1347 1644 com·

356 1693 506 1778 posuisse
521 1693 569 1770 ')‚
593 1691 712 1755 deinde
728 1689 810 1754 alios
829 1691 1024 1776 complures,
1045 1692 1133 1755 inter
1149 1715 1233 1778 quos
1249 1689 1348 1754 Theo·
1430 1703 1431 1770 ξ

358 1800 480 1866 critum
502 1801 765 1886 Syracusanum,
802 1821 901 1884 quem
930 1809 1042 1864 noster
1067 1800 1161 1882 (scil.
1186 1800 1347 1884 Virgilius)
1430 1831 1431 1838 κ

357 1909 515 1976 imitatur.

583 2101 720 2158 Donatus.
754 2103 806 2176 (ln
823 2097 880 2160 viia
897 2104 969 2173 Virg.
987 2101 1136 2175 Maronis).

421 2227 592 2314 Origiuem
614 2231 759 2294 bucolici
786 2231 941 2294 carminis
963 2230 1018 2291 alii
1045 2232 1086 2294 ob
1112 2231 1210 2294 aliam
1230 2247 1347 2292 causan

358 2333 479 2400 ferunt.
520 2339 605 2402 Sunt
636 2337 747 2418 enim,
777 2337 836 2422 qui
857 2336 956 2400 etiam
981 2360 999 2397 a
1019 2338 1283 2402 Lacedaemoniis
1301 2355 1348 2417 pu·
1430 2329 1431 2399 l

360 2445 503 2509 osoribus
517 2446 641 2506 Dianae
659 2445 800 2530 primum
818 2467 951 2510 carmen
966 2447 1031 2512 hoc
1048 2446 1215 2510 redditum
1231 2447 1346 2515 dicants

361 2574 437 2616 cum
456 2552 561 2616 eidem
578 2555 665 2614 Deae
684 2565 817 2638 propter
833 2555 980 2634 bellum,
1015 2554 1104 2640 quod
1125 2557 1188 2620 toti
1207 2549 1347 2618 Graeciae

360 2659 419 2722 illo
437 2669 584 2744 tempore
603 2661 721 2750 Persae
736 2661 940 2739 inserebant,
975 2640 1118 2726 exhiberi
1143 2685 1204 2748 per
1221 2661 1346 2746 virginea
1428 2677 1429 2722 i

363 2767 403 2832 de
423 2788 513 2830 more
534 2788 600 2830 nou
617 2780 739 2850 posset.
789 2769 857 2830 Alii
878 2771 917 2832 ab
940 2772 1075 2841 Oreste,
1093 2771 1201 2856 'circa
1220 2767 1347 2854 Siciliam

244 2859 246 2864 ⁵
363 2898 465 2962 vago,
497 2875 531 2936 id
552 2897 654 2962 genus
674 2877 829 2940 carminis
848 2877 972 2942 Dianae
991 2875 1156 2943 redditum
1181 2879 1346 2964 loquuntur

336 3023 339 3030 ·
364 2989 398 3048 et
422 2983 586 3048 redditum
603 3005 663 3068 per
687 2984 795 3069 ipsum
819 2995 920 3069 atque
939 2997 1105 3072 pastores,
1137 3010 1205 3072 quo
1220 2993 1345 3064 tenpore

366 3091 406 3154 de
425 3093 560 3178 Scythia
579 3093 720 3162 Taurica
741 3117 818 3156 cum
837 3113 947 3157 sorore
969 3097 1177 3178 profugerat,
1210 3091 1344 3170 subrepto

367 3200 512 3264 numinis
530 3201 707 3267 simulacro
723 3211 756 3265 et
774 3202 880 3264 celato
898 3200 931 3264 in
951 3204 1040 3266 fasce
1054 3183 1229 3288 lignorum.
1268 3187 1344 3258 Unde
1426 3233 1427 3270 ,

365 3311 399 3376 F
397 3309 564 3372 ascelinam
578 3309 714 3372 Dianam
728 3309 901 3394 perhibent
914 3322 1148 3394 nuncupatam,
1171 3307 1255 3396 apud
1268 3299 1345 3387 cuju!

367 3438 438 3480 aras
461 3418 621 3496 Orestes,
651 3437 711 3500 per
729 3416 931 3480 sacerdotem
949 3416 1094 3503 ejusdem
1116 3417 1257 3482 numinis
1272 3403 1345 3495 lpbl·
1425 3481 1426 3502 ,

368 3524 518 3608 genium,
551 3545 698 3586 sororem
719 3521 832 3597 suam,
855 3545 873 3586 a
889 3499 1064 3608 parricidio
1082 3529 1190 3592 fuerat
1208 3522 1344 3608 capiatur

368 3631 434 3696 Alii
449 3631 596 3716 Apollini
613 3631 748 3709 Nomio,
770 3632 1071 3716 pastorali-scillcet
1087 3637 1177 3715 Deo,
1200 3653 1262 3718 qua
1278 3637 1346 3688 teu·
1425 3651 1426 3709 p

367 3751 495 3826 pestate
523 3739 662 3804 Admeto
692 3737 791 3803 boves
818 3748 961 3824 paverat
1009 3743 1077 3804 Alii
1101 3743 1235 3819 Libero,
1264 3735 1346 3817 Nym·

370 3847 510 3934 pharum
530 3856 564 3910 et
580 3849 767 3933 Satyrorum
790 3858 823 3922 at
843 3849 877 3910 id
895 3871 996 3934 genus
1018 3850 1191 3924 numinum
1212 3833 1344 3936 principi·

406 4058 432 4130 ')
455 4059 527 4116 vias
544 4059 661 4116 Disdcr.
680 4063 765 4117 Sicut.
784 4062 837 4122 loc.
856 4064 936 4118 modo
953 4065 1030 4142 isui.
1043 4112 1056 4130 ,
1423 4135 1424 4140 ¹

1423 4161 1424 4233 l
