2902 4866
812 355 896 432 458

350 560 401 612 tra
438 549 601 635 tragoedia
638 555 773 616 soeculo
805 554 992 640 ingreditur
1025 555 1068 636 ²).
1130 556 1244 618 Habet
1270 567 1370 618 tamen

350 659 456 720 omnis
474 660 663 744 eloquentia
686 663 1029 746 aliquidcommune:
1067 663 1268 740 imitemur,
1290 662 1372 746 quod

352 789 525 831 commune
548 781 607 833 est„
649 772 758 832 Etiam
786 771 848 836 hoc
878 773 962 834 solet
981 772 1206 836 incommodi
1231 771 1372 834 accidere

350 878 419 952 cis,
442 877 502 960 qui
523 901 557 941 se
574 879 632 940 nni
648 877 747 942 alicui
763 880 877 964 generi
890 879 1125 958 dediderunt,
1153 893 1195 943 ut
1210 881 1241 941 si
1258 877 1373 962 asperi·

349 992 400 1044 tas
423 983 460 1044 iis
477 985 602 1067 placuit
619 986 780 1070 alicujus,
805 989 890 1050 hauc
910 987 1008 1052 etium
1031 989 1069 1049 in
1087 989 1165 1051 leni
1183 1011 1224 1052 ac
1243 986 1372 1050 remisso

351 1111 522 1154 causarum
540 1101 658 1176 gedere
680 1118 745 1156 uon
768 1107 908 1159 exuauta
943 1096 969 1156 si
984 1096 1144 1158 tenuitas
1164 1119 1207 1158 ac
1229 1093 1374 1178 jncundi-

351 1207 417 1274 tas,
441 1199 475 1262 in
491 1204 614 1284 asperis
640 1206 857 1286 gravibusque
879 1206 988 1266 causis
1013 1204 1166 1288 ponderi
1187 1226 1302 1266 rerum
1320 1222 1374 1283 pa-

349 1327 422 1370 rum
437 1309 672 1390 respondeant:
694 1331 771 1372 cum
786 1310 829 1375 sit
844 1311 972 1372 diversa
991 1335 1061 1374 nou
1078 1301 1372 1400 causarum'modo

350 1415 437 1476 inter
453 1416 536 1497 ipsus
560 1417 727 1494 conditio,
750 1418 858 1480 sedin
878 1419 1016 1504 lingulis
1037 1422 1149 1482 etium
1172 1419 1288 1482 causis
1308 1437 1375 1498 por·
1422 1435 1423 1438 ’

350 1524 433 1585 tium
444 1549 453 1598 5
477 1524 612 1607 sintque
627 1525 689 1585 ulia
706 1525 845 1604 leniter,
866 1527 930 1588 alia
949 1549 1081 1611 aspere,
1105 1528 1177 1588 aliu
1195 1526 1373 1597 concitate,

349 1631 413 1692 aliu
442 1632 596 1712 remisse,
630 1634 695 1694 alia
718 1635 881 1714 docendi,
912 1636 974 1696 alia
1003 1635 1171 1698 movendi
1200 1633 1308 1718 gratie
1334 1629 1373 1690 di·

290 1813 295 1824 Ι
350 1739 470 1802 cende:
505 1763 647 1824 quorum
672 1745 820 1804 omniurn
840 1743 1010 1806 dissimilis
1029 1755 1140 1828 atque
1159 1744 1272 1804 divisa
1292 1742 1373 1800 iuter

252 1885 256 1897 ·
352 1849 564 1913 seretioest.
607 1852 723 1932 ltaque
741 1873 783 1912 ne
802 1852 865 1913 hoc
886 1851 1021 1934 quidem
1037 1855 1231 1927 suaserim,
1263 1849 1321 1908 uni
1341 1867 1371 1904 se

352 1956 451 2016 alicui
475 1957 627 2039 proprie,
663 1981 761 2040 quem
777 1981 835 2040 per
853 1959 963 2020 omnia
981 1971 1169 2042 sequatur,
1206 1959 1369 2020 addicere.

350 2063 508 2126 Omnium
526 2067 782 2148 perfectissimus
805 2069 1006 2130 Graecorum
1029 2072 1284 2131 Demosthenes:
1314 2061 1369 2121 ali-

311 2237 314 2246 .
350 2172 433 2254 quid
453 2183 561 2234 tamen
578 2173 690 2256 aliquo
707 2177 782 2237 loco
800 2174 915 2236 melius
931 2174 1002 2236 alii:
1024 2176 1172 2258 plurima
1193 2176 1264 2236 ille.
1307 2167 1366 2232 Sed

352 2302 438 2357 nou,
468 2282 528 2362 qui
545 2283 682 2344 maxime
704 2282 903 2360 imitandus,
939 2292 972 2344 et
991 2283 1079 2344 solua
1101 2283 1294 2346 imitandus
1311 2287 1364 2339 est

350 2371 441 2466 ¹Quid
461 2390 558 2471 ergo?
590 2411 655 2450 non
674 2402 723 2452 est
738 2391 815 2452 sutis
836 2391 945 2452 omniu
962 2391 1010 2452 sic
1030 2391 1166 2484 dicere,
1199 2385 1363 2474 quomodo

349 2502 397 2562 Μ.
417 2501 537 2561 Tullius
558 2499 661 2561 dixit?
702 2501 782 2561 Mihi
804 2502 937 2584 quidem
959 2503 1037 2565 sutis
1056 2511 1167 2579 esset,
1204 2502 1234 2562 si
1256 2494 1363 2558 omnia

351 2607 511 2688 consequi
537 2627 676 2689 possem.
725 2608 813 2686 Quid
838 2619 945 2672 tarnen
965 2619 1115 2696 nocecct,
1149 2611 1223 2684 uim
1248 2608 1362 2668 Caesa-

348 2716 395 2775 n's
409 2714 474 2789 3¹²),
497 2715 704 2796 asperitatem
722 2717 829 2789 Coeli,
851 2715 1053 2800 diligentiam
1070 2720 1260 2791 Pollionis,
1282 2709 1361 2798 judi·

399 2965 424 3040 ')
442 2969 544 3024 Eodem
562 2969 618 3026 l'erc
634 2973 715 3024 modo
732 2975 830 3026 Horat
847 2973 899 3044 (sd
914 2973 1002 3027 Pisou
1021 2975 1056 3043 89
1068 2975 1164 3046 seqq.)
1180 2973 1327 3046 loquitur:
1423 3019 1424 3028 ,

499 3065 628 3118 Versibus
648 3067 747 3137 exponi
766 3069 873 3138 tragicis
891 3085 932 3121 res
951 3067 1055 3122 comica
1073 3085 1128 3121 non
1146 3049 1228 3137 rult3

501 3161 663 3228 Indignatur
680 3163 747 3215 item
767 3164 878 3233 privatis
896 3179 927 3216 ac
946 3181 1029 3235 prope
1047 3180 1127 3216 socco

500 3256 595 3326 Diguis
614 3257 778 3310 carminibus
796 3259 897 3311 narrari
917 3239 1003 3312 coena
1021 3257 1168 3326 Thyestae.

503 3352 615 3418 Singula
634 3371 763 3424 quaeque
781 3353 873 3408 locum
892 3364 1007 3408 teneant
1024 3356 1118 3408 sortita
1136 3354 1281 3408 decenter.
1344 3403 1348 3410 ,

350 3517 353 3524 .
385 3444 426 3520 ”J
443 3449 484 3502 De
502 3429 694 3502 Caesare'vid:
709 3451 795 3502 Cicer.
823 3451 939 3519 (Brutus
959 3469 980 3504 s,
1004 3450 1119 3502 declar.
1140 3459 1252 3503 orsttc
1278 3437 1354 3504 7⁵·)=

440 3564 454 3591 α
465 3545 570 3596 Caesar
586 3553 693 3607 nutem,
709 3545 841 3597 rationem
859 3546 1009 3608 adhibens,
1029 3545 1258 3600 cousuetudinem
1276 3537 1354 3591 vitl0·

437 3656 493 3689 sam
509 3648 537 3690 et
551 3649 722 3711 corruptum,
744 3657 810 3710 pura
827 3649 855 3694 et
870 3641 1027 3710 incorrupto
1043 3641 1244 3693 consuetudine
1261 3648 1352 3688 emen·

422 3771 425 3787 .
440 3733 488 3784 dat
532 3737 631 3806 ltaque
645 3752 708 3789 cum
723 3735 843 3790 adhunc
858 3731 1021 3804 elegantiam
1036 3737 1178 3789 verborum
1193 3733 1351 3788 Latinorum

436 3829 447 3900 (
457 3847 528 3900 quae
544 3831 643 3895 etiam,
672 3833 694 3884 si
710 3841 801 3886 orator
815 3849 871 3884 non
888 3833 941 3895 ais,
969 3841 997 3884 et
1015 3833 1050 3884 als
1066 3833 1201 3900 ingenuus
1218 3827 1285 3883 civia
1301 3825 1349 3874 llo·

436 3941 549 3987 manus‚
577 3935 670 3980 tamen
684 3928 835 3981 necessaria
848 3927 907 3996 est)
929 3929 1053 3998 adjungit
1072 3928 1121 3980 illa
1142 3927 1256 3981 oratoris
1272 3935 1349 3974 orua-

438 4029 530 4074 mcuta
545 4021 675 4076 dicendi:
692 4033 754 4078 tun
769 4025 879 4079 videtur
894 4032 1033 4098 tamquam
1051 4023 1159 4078 tabulas
1176 4023 1246 4077 bene
1262 4017 1345 4091 1>ch
