2874 4862
803 433 975 508 480⁴

346 633 541 710 videbatur,
575 625 815 716 jtrobuvcmntz
847 632 902 693 alii
926 631 1073 695 floridius
1092 651 1215 714 genus,
1246 639 1283 692 ut
1304 631 1342 692 ud
1404 659 1405 706 g

346 741 462 804 utenda
484 738 663 824 primarum
686 749 829 803 aetatum
849 741 979 825 ingenie
999 717 1100 822 magis
1121 739 1343 802 accommoda·

346 861 427 914 tum.
469 849 538 932 Ego
564 849 706 931 optimos
731 835 885 931 quidem,
924 849 1109 925 utstatim,
1148 859 1182 911 ct
1203 869 1343 931 semper,

348 957 406 1019 sed
421 966 528 1018 tumen
546 977 660 1034 corum
676 955 946 1018 candidissimum
962 977 1139 1041 quemque,
1163 966 1197 1019 ct
1213 956 1344 1018 maxime

349 1063 550 1147 expositum,
581 1063 700 1141 velim,
730 1063 1220 1148 utLiviumupuerismagis,
1252 1085 1344 1147 quum

347 1171 557 1234 Sallustium:
593 1179 627 1234 ct
661 1171 718 1234 hic
742 1171 899 1235 historiae
928 1170 1032 1257 major
1055 1182 1108 1234 est
1136 1183 1270 1245 sueton
1309 1171 1344 1231 ud
1404 1223 1405 1260 ,

350 1299 448 1361 quem
477 1288 585 1341 tumen
615 1278 865 1362 intelligendum
899 1277 965 1364 jum
995 1280 1147 1363 profectu
1186 1299 1267 1362 opus
1297 1280 1344 1342 sit.

281 1408 283 1418 ·
351 1385 487 1464 Cicero,
519 1385 652 1449 utmilri
670 1385 804 1468 quidem
824 1384 974 1463 videtur,
1003 1385 1241 1469 ctjucunrlus,
1267 1386 1347 1448 iuci—

349 1492 515 1577 picntibus
531 1512 685 1577 quoque,
703 1471 746 1603 'et
764 1504 894 1575 apertus
916 1503 966 1555 cst
987 1491 1085 1571 sutis,
1117 1515 1181 1556 nco
1199 1495 1345 1578 prodesse
1404 1505 1405 1564 l

243 1602 247 1612 ’
350 1613 490 1678 tuntum,
510 1602 569 1665 scd
588 1600 687 1666 etium
695 1601 807 1662 rumori
823 1607 949 1684 potest:
971 1610 1043 1661 tum
1062 1601 1345 1684 (quemadmodum
1404 1607 1405 1618 ¹

350 1709 463 1773 Livius
479 1709 657 1794 praecipit)
676 1717 714 1770 ut
732 1708 874 1792 quisquc
897 1707 961 1770 erit
981 1707 1134 1770 Ciceroni
1156 1709 1345 1771 simillimus.

412 1817 486 1880 Duo
514 1827 624 1879 autem
647 1835 765 1900 genera
790 1816 927 1878 maxime
956 1815 1100 1878 cavendo
1124 1817 1237 1900 pueris
1257 1826 1343 1900 puto:

254 1931 259 1938 '
352 1945 455 1986 unum
467 1971 476 2004 ‚
501 1925 636 2008 nequis
656 1945 711 1986 eos
731 1921 939 2007 antiquitatis
961 1922 1082 1984 nimius
1102 1923 1294 2002 admirator,
1316 1924 1344 1982 in

262 2053 265 2060 ⁴
353 2032 601 2110 Gracchorum,
639 2029 841 2116 Catonisque
869 2032 915 2110 *),
963 2041 998 2094 ct
1027 2031 1168 2093 aliorum
1200 2032 1344 2093 similium

352 2141 496 2202 lectione
515 2119 689 2204 durescere
707 2141 807 2214 velit3
841 2139 921 2202 fient
940 2140 1028 2201 cuim
1044 2138 1172 2201 horridi
1193 2150 1289 2224 atquc
1304 2138 1346 2222 jc-

351 2246 440 2334 juui:
479 2271 553 2335 uam
572 2269 681 2331 neque
700 2249 768 2310 vim
786 2269 899 2310 corum
916 2245 1023 2308 adhuc
1043 2247 1220 2310 intellectu
1243 2270 1343 2311 conse·

271 2435 278 2447 „
353 2366 515 2440 qucutur,
551 2365 584 2420 ct
604 2356 811 2434 elocutione,
853 2377 938 2438 quac
963 2363 1034 2415 tum
1058 2355 1128 2416 sine
1156 2355 1257 2417 dubio
1284 2363 1344 2416 eret

354 2465 495 2549 optimu,
538 2466 595 2526 sed
628 2465 748 2527 nostris
778 2463 980 2550 temporibus
1016 2462 1141 2541 alienu,
1185 2461 1341 2535 contenti,

355 2573 445 2656 quod
463 2580 511 2634 est
527 2571 723 2653 pessimum,
745 2572 868 2634 similes
886 2571 949 2636 sibi
965 2570 1090 2653 mugnis
1104 2571 1185 2632 viris
1200 2572 1343 2632 videbun-

354 2690 418 2742 tur.
451 2678 632 2763 'Altcrum,
656 2678 746 2760 quod
765 2678 843 2741 huic
864 2679 1031 2742 diversum
1049 2691 1119 2755 est,
1153 2701 1196 2742 ue
1211 2675 1341 2740 recentis

352 2785 451 2870 hujus
483 2786 637 2848 lasciviae
672 2783 817 2872 flosculis
859 2787 970 2871 cepti,
1010 2782 1181 2870 voluptate
1216 2783 1341 2868 quedam

305 2877 310 2890 ⁴
353 2892 689 2978 prarudeliniantur,
722 2904 760 2955 ut
780 2893 957 2980 praedulce
973 2895 1055 2955 illud
1074 2915 1200 2976 genus,
1231 2902 1342 2974 etpre-

354 3002 470 3066 rilibus
486 3002 627 3085 ingeniis
643 3002 705 3064 hoc
721 3003 856 3085 gratius,
878 3024 942 3085 quo
957 3003 1092 3086 propius
1108 3010 1170 3080 est,
1195 3001 1340 3064 ndument.

352 3112 471 3173 Firmis
493 3121 600 3176 autem
622 3111 777 3196 judiciis,
807 3109 938 3194 jamque
959 3120 1047 3172 extre
1071 3108 1253 3193 periculum
1267 3103 1341 3190 posi·

352 3220 414 3297 tis,
448 3221 605 3282 suaserim
631 3230 664 3282 et
691 3219 845 3302 antiquos
868 3219 976 3300 legere
1002 3218 1198 3300 (exquibus
1219 3216 1246 3278 si
1264 3232 1340 3273 assu·

353 3341 462 3391 matur
492 3329 596 3390 solida
627 3351 665 3394 ac
696 3329 802 3391 virilis
831 3329 952 3413 ingenii
984 3329 1057 3407 vis,
1101 3329 1230 3390 deterso
1261 3320 1338 3384 rudis

356 3499 712 3516 m

392 3603 420 3674 ‘)
446 3603 634 3658 Gracchorum
662 3605 797 3658 orationes
828 3603 1036 3659 interciderunt.
1082 3604 1197 3656 Catonis
1221 3600 1289 3654 solus
1310 3593 1338 3642 de
1404 3615 1405 3631 i

441 3699 607 3766 agricultura
623 3697 741 3752 liberes
761 3699 870 3760 multis,
899 3717 967 3768 quos
982 3708 1057 3750 totus
1073 3699 1196 3770 scripsit,
1222 3697 1338 3764 superest.

443 3794 498 3846 Sed
509 3795 544 3852 de
559 3795 640 3862 hujus
657 3795 719 3845 libri
736 3803 831 3846 nestore
847 3791 1018 3844 unonnullis
1034 3792 1186 3848 dubitatur.
1216 3789 1304 3840 Exstat
1315 3781 1338 3829 iu
1404 3831 1405 3840 ,

444 3888 560 3942 Collect.
584 3888 687 3960 scriptt.
716 3887 763 3940 Rei
784 3887 919 3942 Rusticue.
950 3887 1014 3954 Cur,
1036 3887 1076 3939 Jo.
1100 3885 1199 3940 Matth.
1222 3885 1336 3934 Gesnero·

443 3983 516 4055 Lips.
543 3959 813 4053 17'35.et'1774.‘2
837 3984 961 4050 Voll'ri.
992 4011 1023 4022 -
1057 3983 1101 4034 Dc
1130 3981 1207 4034 variis
1240 3965 1337 4028 catonis
1404 3963 1405 3968 ¹

442 4075 550 4152 scriptis
567 4062 722 4152 nuperrime
742 4079 870 4132 disseruit
891 4083 921 4132 A.
945 4080 1025 4130 Liou.
1063 4079 1245 4144 Goctt.18·27·
