2890 4866
607 418 709 548 sss
799 496 805 508 .

147 663 308 708 recessus.
335 643 375 704 In
391 663 429 705 ea
443 607 600 728 quiequid
616 639 760 705 notabile
773 649 836 721 est,
858 637 1152 726 sulmodiligenter
1207 645 1210 651 '
1319 640 1321 653 '

149 751 307 834 alligitur,
341 761 382 820 ut
407 751 477 814 sine
506 747 720 832 cunctatione
749 771 787 812 ae
817 771 907 845 mors
941 760 1047 834 partes
1080 749 1150 834 ejus

148 880 261 921 ornnes
296 859 453 941 cogitatio
483 860 585 942 possit
615 877 817 942 percurrere
868 858 911 918 Et
939 860 1062 942 primus
1096 858 1149 920 hic

146 965 242 1029 labor
257 977 328 1042 ost
354 988 420 1027 non
447 965 578 1036 haerere
600 966 633 1026 in
654 986 805 1028 occursu.
848 965 934 1028 Plus
949 966 1035 1028 enim
1053 987 1150 1048 quam

147 1073 239 1168 lirma
270 1073 367 1144 debet
397 1094 468 1134 esse
507 1073 681 1150 memoria,
722 1095 804 1154 quse
834 1072 930 1133 aliam
959 1072 1149 1134 memoriam
1224 1107 1228 1116 ·

146 1176 289 1262 adjuvet.
331 1181 417 1241 Tum
438 1202 520 1263 quac
544 1179 749 1263 scripserunt
767 1179 820 1242 vel
843 1181 1043 1262 cogitatione
1063 1199 1150 1241 com·

143 1287 355 1371 plectuntur,
379 1299 411 1349 et
429 1286 536 1370 aliquo
556 1289 666 1370 signo,
690 1309 755 1370 quo
775 1293 990 1363 moneantur,
1013 1295 1147 1348 notant:

144 1393 233 1478 quod
253 1415 324 1456 esse
345 1393 397 1464 sel
424 1415 463 1458 ex
485 1416 521 1457 re
541 1404 609 1458 tota
629 1405 759 1479 potest,
788 1405 827 1456 ut
852 1393 891 1457 de
918 1376 1147 1477 navigatione,

143 1498 280 1586 militia3
305 1501 357 1563 vel
376 1523 415 1562 ex
434 1502 532 1563 verbo
552 1501 674 1584 aliquo.
717 1504 799 1562 Nam
821 1502 919 1564 etiam
937 1501 1147 1579 excidentes,

143 1610 243 1670 unius
273 1607 497 1670 admonitione
528 1609 619 1671 verbi
650 1609 683 1670 in
713 1610 902 1692 ructuoriam
931 1619 1148 1694 reponuntur.

139 1715 192 1780 Sit
213 1728 321 1779 autem
343 1711 472 1799 siguum
495 1715 733 1800 navigationis,
766 1729 803 1781 ut
822 1737 962 1789 ancora;
987 1716 1146 1794 militiae,
1237 1771 1245 1782 ι

143 1833 192 1887 ut·
211 1822 334 1907 aliquid
364 1841 403 1886 ex
439 1823 548 1885 ermis.
601 1823 688 1886 Hace
721 1819 765 1884 ita
797 1824 958 1906 digerunt.
1001 1823 1147 1885 Primum

139 1951 272 1994 sensum
303 1931 465 2004 vestibulo
489 1930 582 2014 qussi
608 1929 799 2014 assignant,
834 1932 1016 1996 secundum
1040 1931 1145 2007 atrio,

138 2049 209 2102 tum
236 2038 392 2122 impluvia
421 2041 647 2113 circumeunt,
682 2060 742 2100 uec
776 2039 939 2101 cubiculis
966 2038 1062 2100 modo
1089 2048 1146 2101 aut

139 2146 285 2222 exedris,
319 2145 377 2208 sed
404 2145 522 2206 statuis
552 2129 650 2207 etism
669 2146 896 2228 similibusque
919 2165 977 2229 per
996 2144 1145 2207 ordinem

141 2254 362 2316 committunt.
405 2253 474 2312 lloe
499 2252 611 2325 facto,
650 2274 752 2335 quum
781 2265 831 2315 est
863 2252 1041 2336 repetenda
1077 2273 1146 2314 me·

139 2359 262 2434 moria,
293 2358 458 2444 incipiunt
481 2358 519 2419 ab
545 2359 640 2422 initio
661 2359 734 2421 loca
757 2360 835 2422 haec
858 2380 1053 2436 recensere,
1090 2367 1144 2436 et,

138 2466 227 2550 quod
249 2465 369 2548 cuique
389 2465 619 2545 crediderunt,
650 2478 849 2550 reposcunt,
879 2479 916 2531 ut
936 2469 1052 2530 eorum'
1068 2466 1146 2534 ima·

139 2573 214 2657 gine
232 2574 467 2638 admonentur:
499 2572 544 2636 ita
568 2574 749 2666 quamlibet
769 2576 873 2637 mults'
893 2577 979 2655 sint,
1003 2597 1144 2660 quorum
1214 2555 1215 2562 ¹

139 2681 327 2745 meminisse
351 2673 523 2766 oporteat,
554 2683 639 2745 fiunt
666 2685 794 2768 singula
821 2703 968 2747 connexa
1002 2684 1145 2768 quodam

139 2789 258 2868 choro,
294 2812 335 2852 ue
366 2803 477 2854 errent
510 2792 749 2878 conjungentes
780 2793 942 2875 prioribus
970 2793 1142 2876 sequentia
1182 2821 1185 2824 ·

138 2897 209 2960 solo
243 2898 411 2960 ediscendi
446 2898 565 2961 labore.
608 2899 706 2978 Quod
739 2899 900 2961 dedomo
928 2899 1018 2976 dixi,
1047 2893 1080 2962 el
1107 2902 1142 2962 iu

137 3006 289 3089 operibus
316 3007 478 3089 publicis,
511 3017 544 3068 et
578 3005 612 3067 in
642 3007 762 3090 itipepe
795 3005 912 3091 longo,
943 3017 981 3068 ut
1010 3008 1143 3070 urbium

136 3115 281 3190 ambitu,
313 3123 346 3175 et
369 3113 530 3197 picturis,
564 3111 634 3174 lieri
655 3124 774 3196 potest.
816 3115 924 3175 Etiam
939 3115 1141 3198 'fingeresibi

93 3237 96 3247 ·
135 3219 233 3282 has
225 3223 380 3304 1mugines
405 3221 496 3283 licet.
540 3215 630 3305 O'pus
664 3232 713 3284 est
744 3243 818 3306 ergo
842 3222 965 3299 locis,
979 3246 1061 3306 quae
1086 3222 1140 3285 vel
1181 3205 1183 3209 ,

137 3331 348 3431 finguntur,
349 3330 399 3392 vel
417 3340 609 3408 sumuntur:
616 3330 847 3414 imaginibus,
870 3331 922 3393 vel
942 3329 1139 3407 simulacris,

138 3458 222 3520 quae
248 3439 363 3522 utique
394 3438 544 3520 lingenda
573 3448 660 3500 sunt.
717 3440 876 3521 Imagines
909 3451 1005 3504 notus
1040 3447 1138 3539 sunt,

111 3545 256 3628 'quibus
279 3563 334 3624 ce,
364 3567 446 3628 quae
468 3545 642 3608 ediscenda
666 3560 765 3623 sunt,
791 3559 955 3609 notamus.
978 3558 1033 3625 ut,
1058 3567 1141 3629 quc-

137 3653 236 3714 modo
265 3656 379 3716 Cicero
410 3631 512 3730 dicit,
547 3656 624 3716 locis
653 3676 714 3740 pro
748 3676 842 3728 cera,
873 3655 1050 3716 simulacris
1077 3675 1139 3740 pro

119 3761 237 3822 'literis
263 3775 387 3823 utamur
408 3763 445 3836 *).
488 3761 573 3822 lllud
605 3785 734 3846 quoque
764 3764 804 3826 nd
833 3765 967 3825 verbum
996 3786 1140 3848 ponere,

83 3949 86 3958 Ι
137 3865 298 3954 optimum
315 3869 430 3931 fuerit:
454 3871 548 3932 Locis
569 3884 613 3950 spe
632 3871 779 3932 utendum
796 3873 924 3947 inultis,
945 3873 1137 3944 illustribus,

142 4018 497 4047 ml

94 4093 98 4104 ¹
172 4108 197 4180 *)
226 4111 340 4176 Cicero,
359 4111 402 4164 De
419 4127 458 4164 or.
473 4112 510 4164 11.
525 4112 567 4167 86.
583 4110 606 4175 5.
619 4109 678 4179 354,
734 4083 752 4109 ³
