2814 4872
824 367 907 445 156

366 579 445 630 sunt
465 579 548 630 tres:
577 569 702 648 imago,
732 569 882 640 collatio,
912 567 1090 652 exemplum
1106 567 1145 640 Ἰ.
1192 568 1303 650 Imago
1323 580 1365 630 est

365 679 470 738 oratio
489 677 715 737 demonstrans
736 697 911 759 corporum
931 685 988 736 aut
1006 684 1199 736 naturarum
1221 675 1364 736 similitu·

365 784 493 857 dinem,-
512 759 652 846 'collatio
672 793 721 844 est
735 784 839 843 oratio
854 805 924 844 rem
944 805 1020 844 eum
1041 805 1077 844 re
1095 805 1134 843 ex
1151 783 1364 846 similitudine

365 894 560 966 conl'erens;
590 892 773 976 exemplum
790 901 851 967 est,
873 891 963 973 quod
981 911 1049 952 rem
1068 891 1294 968 auctoritate,
1319 899 1364 949 aut

364 1021 443 1060 casu
456 999 595 1086 alicujus
610 1000 765 1076 hominis,
785 1009 842 1060 aut
862 997 986 1082 negotii
1008 998 1183 1062 coufirmat
1205 1009 1265 1060 aut
1285 997 1363 1058 inlir-

366 1119 442 1171 met.

604 1293 723 1364 Quintil.
764 1301 851 1372 (lust.
874 1317 911 1351 or.
934 1299 954 1354 l.
976 1302 1010 1354 V.
1032 1315 1056 1352 c.
1076 1297 1135 1370 rr.)

424 1421 575 1484 Tertium
596 1446 698 1507 genus
722 1448 760 1486 ex
779 1426 838 1502 iis,
863 1448 947 1508 quae
968 1426 1176 1487 extrinsecus
1199 1423 1360 1485 adducun-

362 1539 417 1590 tur
443 1531 498 1608 (iu
527 1539 699 1611 causam),
735 1534 850 1595 Graeci
877 1545 997 1595 vocant
1021 1534 1263 1617 neapoiderypa3
1305 1553 1357 1614 quo

302 1714 307 1718 .
362 1639 495 1702 nomine
516 1653 549 1702 et
569 1643 766 1724 generaliter
786 1642 836 1702 usi
861 1651 940 1702 sunt
961 1643 995 1700 in
1021 1638 1109 1701 omni
1130 1641 1295 1701 similium
1314 1662 1358 1720 np-

359 1747 525 1830 positione
549 1760 581 1810 et
605 1749 793 1832 specialiter
815 1751 849 1808 in
873 1750 930 1825 iis,
966 1771 1050 1831 quae
1070 1771 1179 1810 rerum
1203 1761 1356 1832 gesturum

360 1855 556 1916 auctoritate
576 1857 737 1931 nituntur.
779 1857 890 1917 Nostri
907 1859 974 1917 fere
991 1856 1236 1917 sinrilitudinem
1252 1875 1356 1916 vocure

359 1961 566 2037 maluerunt,
591 1964 680 2045 quod
699 1967 738 2026 ah
757 1966 829 2024 aliis
847 1965 1021 2048 παραβολὴ
1040 1963 1182 2036 dicitur;
1209 1965 1274 2024 boc
1292 1963 1355 2020 ulte·

358 2089 434 2128 rum
455 2073 649 2156 excorplum:
671 2095 870 2156 quamquam
887 2084 918 2134 et
935 2073 997 2132 hoc
1016 2071 1122 2133 simile
1136 2082 1207 2149 est,
1234 2083 1268 2134 et
1285 2066 1353 2130 illud

359 2179 552 2260 exemplum.
595 2183 672 2254 Nos,
697 2204 762 2264 quo
776 2181 908 2242 facilius
924 2180 1127 2261 propositum
1145 2182 1353 2263 explicemus,

358 2297 539 2369 utrumque
556 2291 773 2372 παράδειγμα
790 2311 861 2349 esse
879 2287 1069 2365 credamus,
1092 2301 1125 2350 et
1143 2288 1206 2370 ipsi
1228 2285 1353 2371 appelle·

364 2419 711 2438 Q-——m—

443 2494 633 2560 magistratus,
665 2494 837 2561 intelligere,
871 2513 900 2548 se
929 2512 1020 2562 gerere
1052 2511 1194 2565 personum
1226 2489 1350 2548 ciuitatis,
1381 2517 1382 2520 =

443 2587 601 2658 debereque
625 2591 683 2653 ejus
711 2589 872 2656 dignitatem
896 2601 925 2644 et
945 2591 1037 2661 ¹decus
1066 2592 1221 2653 sustinere,
1260 2599 1350 2641 seruere
1381 2597 1382 2646 J

443 2682 535 2750 leges,
559 2686 619 2750 jura
634 2684 804 2749 describere,
825 2704 858 2738 ee
871 2687 936 2738 fidei
954 2705 1020 2739 eune
1039 2687 1181 2738 commisse
1196 2683 1349 2738 meminisse.
1381 2655 1382 2687 l

442 2779 580 2833 Privatum
604 2787 697 2830 autem
719 2789 827 2851 oportet
852 2799 942 2853 aequo
963 2791 992 2834 et
1012 2782 1070 2852 peri
1094 2797 1157 2832 cum
1178 2781 1287 2834 civibus
1303 2779 1350 2844 jure

439 2875 548 2938 vivere,
568 2895 661 2948 neque
681 2876 844 2929 submissum
860 2887 889 2930 et
903 2877 1061 2944 abjectum,
1086 2895 1179 2948 neque
1195 2895 1226 2929 se
1250 2879 1349 2928 efferen·

440 2977 513 3023 lem:
539 2981 617 3034 tum,
644 2973 674 3022 in
694 2971 837 3042 republica
867 2990 900 3024 en
929 2972 1018 3035 velle,
1047 2989 1119 3042 quae
1148 2971 1299 3043 tranquilla
1327 2969 1349 3013 el

438 3065 557 3120 honesta
583 3068 645 3119 sint
689 3068 786 3120 Talem
810 3068 883 3120 eninr
913 3077 942 3118 et
963 3067 1064 3120 sentire
1088 3066 1192 3118 bonum
1219 3067 1306 3120 civem
1325 3066 1348 3108 el
1379 3077 1380 3094 ¹

439 3161 532 3215 dicere
555 3162 681 3213 solemus.
718 3163 854 3234 Peregrini
881 3172 974 3214 autern
998 3171 1082 3233 atque
1107 3161 1216 3214 incolae
1240 3158 1347 3214 officinm

442 3265 498 3318 est,
527 3257 597 3308 nihil
616 3266 724 3328 praeter
743 3277 822 3310 suerin
844 3258 985 3326 negotium
1002 3275 1097 3324 agere,
1124 3256 1194 3308 nibil
1209 3257 1246 3310 de
1267 3255 1347 3306 alieno

438 3353 603 3423 anquirere,
630 3353 797 3423 minimeque
818 3353 847 3404 in
866 3353 956 3405 aliena
976 3371 1034 3406 esse
1051 3353 1194 3422 republica
1210 3354 1346 3406 curiosum·
1378 3339 1379 3370 l

439 3447 483 3498 ltu
497 3445 553 3498 fere
568 3444 655 3497 officia
668 3447 855 3518 reperientur,
875 3465 961 3519 quum
976 3439 1146 3518 quaeretur,'
1161 3449 1230 3518 quid
1245 3449 1345 3498 deceat,

438 3549 467 3592 et
483 3541 555 3612 quid
573 3551 667 3612 aptum
686 3543 723 3596 eit.
738 3543 872 3612 personis,
893 3542 1078 3614 temporibus,
1098 3542 1244 3594 aetatibus.
1279 3531 1347 3590 Nihil
1377 3549 1378 3630 p

439 3643 481 3686 est
500 3645 610 3699 autem,
638 3637 713 3708 quod
734 3646 789 3688 tum
815 3636 930 3699 deceat,
957 3637 1172 3708 queminomni
1189 3655 1218 3691 re
1236 3625 1348 3704 gerenda
1377 3655 1378 3718 p

439 3729 611 3803 consilioque
628 3732 763 3802 cupiendo
777 3750 882 3785 seruere
899 3731 1081 3785 coustantium
1377 3733 1378 3815 l

386 3817 413 3889 ⁶)
436 3823 479 3875 De
493 3828 619 3897 exemplo
631 3826 766 3898 videndus
782 3828 864 3880 eliam
876 3825 1046 3896 Aristoteles.
1078 3823 1169 3897 (enee.
1186 3829 1223 3880 11.
1240 3841 1262 3878 c.
1280 3815 1343 3884 noli

437 3916 506 3970 licet
533 3918 563 3971 in
591 3921 756 3993 explicanda
783 3921 902 3993 exempli
932 3929 1029 3974 uatum
1059 3917 1182 3989 inprimis
1217 3923 1344 3977 oratorem
1376 3957 1377 3994 ss

437 4010 570 4080 respiciet.
1376 4047 1377 4096 p
