2942 4864
767 383 874 526 sss
930 477 932 480 ·

308 651 392 714 liene
419 647 552 712 dicendi
579 648 732 712 scientia:
765 647 837 726 vel,
867 655 905 710 ut
927 644 983 706 alii
1001 655 1138 728 putant,
1169 641 1308 706 artificis

310 771 359 824 cst
389 757 582 842 persuadere
591 783 599 831 ;
634 758 682 818 vis
713 766 821 818 antem
850 754 1086 839 persuadendi,
1123 736 1212 814 artisss
1256 756 1306 820 lta

308 871 449 930 invenire
463 866 597 949 quidem
613 878 646 928 et
657 867 844 950 disponere,
865 863 1019 935 oratoria;
1044 865 1181 925 inventio
1197 871 1307 924 autem

310 987 343 1038 et
364 976 553 1060 dispositio,
574 973 755 1042 rhetorices
774 969 904 1056 propria
924 971 1027 1033 videri
1046 978 1164 1053 potest.
1206 971 1244 1032 ln
1265 990 1305 1032 eo

309 1083 422 1167 plures
445 1083 691 1159 dissenserunt,
722 1090 877 1142 utrumne
900 1079 959 1142 hae
979 1080 1084 1161 partes
1101 1087 1211 1140 essent
1228 1077 1307 1140 rhe-

310 1191 450 1270 torices,
473 1213 514 1252 an
532 1188 676 1268 ejusdem
694 1211 811 1273 opero,
833 1211 874 1250 an
900 1194 955 1269 (nt
974 1188 1162 1250 Athenaeus
1182 1185 1306 1266 credit)

311 1303 481 1372 elemento,
503 1320 586 1381 quae
605 1306 727 1360 vocant
741 1309 908 1380 στοιχεῖα.
949 1297 1013 1360 Sed
1031 1319 1137 1379 neque
1157 1296 1308 1358 elementa

288 1407 400 1470 'recte
425 1405 499 1488 quis
526 1403 664 1477 dixerit3
696 1404 820 1486 alioqui
847 1413 975 1466 tantum
997 1405 1098 1466 initia
1118 1415 1235 1480 erunt,
1268 1411 1310 1468 ut

312 1512 427 1574 mundi
442 1511 493 1573 vel
509 1511 643 1590 humor,
664 1511 717 1574 vel
733 1511 835 1594 ignis,
858 1512 909 1574 vel
927 1512 1081 1588 materia,
1103 1510 1155 1572 vel
1171 1531 1310 1594 corpora

312 1619 518 1682 insecabilia:
541 1642 603 1682 nec
621 1642 750 1704 operum
765 1629 854 1682 reete
876 1641 993 1681 nomen
1016 1619 1199 1701 accipient,
1224 1639 1309 1700 quae

314 1749 375 1790 uec
406 1728 445 1788 ab
479 1726 551 1788 aliis
578 1729 814 1811 perficiuntur,
848 1738 882 1790 et
909 1725 998 1786 aliud
1025 1728 1093 1810 ipsa
1125 1726 1312 1809 perficiunt.

313 1839 423 1902 Partes
452 1836 560 1916 igitur.
602 1836 681 1896 llam
699 1858 802 1918 quum
822 1835 866 1896 sit
891 1856 929 1896 ex
951 1833 1002 1895 his
1018 1817 1206 1908 rhetorice,
1240 1833 1311 1896 fieri

261 1941 264 1946 ’
315 1960 381 2004 non
410 1953 535 2026 potest,
569 1955 625 2020 ut,
658 1964 761 2026 quum
786 1927 892 2004 tolum
919 1964 958 2004 ex
989 1943 1134 2024 partibus
1163 1949 1312 2018 constet,

315 2073 382 2113 non
409 2051 475 2114 sint
500 2064 607 2133 partes
631 2052 755 2130 t'otius,
783 2065 822 2114 e'x
846 2050 965 2134 quibus
988 2057 1117 2112 constat
1132 2049 1169 2128 *).

312 2195 694 2212 *u-——v—u—-nu—-u

362 2271 388 2343 ')
406 2273 592 2342 inponamus,
613 2259 686 2345 quae
701 2274 798 2327 Cicero
813 2272 873 2343 (De
885 2274 944 2324 lnv.
957 2269 976 2322 l.
991 2273 1012 2324 l.
1027 2288 1050 2324 c.
1064 2269 1106 2339 7.)
1119 2269 1155 2322 de
1168 2269 1316 2341 partitione

403 2367 560 2420 Rhetorices
590 2368 745 2422 brevissime
773 2367 889 2439 proferte
926 2365 1064 2420 «Materia
1092 2365 1205 2436 quidem
1236 2365 1317 2420 nobit

401 2457 555 2512 rhetoricae
569 2461 679 2513 videtur
691 2477 740 2524 ea,
761 2478 844 2532 quam
856 2461 995 2514 Aristoteli
1010 2459 1092 2526 visam
1107 2479 1165 2514 esse
1179 2441 1314 2530 diximust

400 2566 495 2624 partes
522 2565 615 2607 autem
641 2555 711 2619 hae,
745 2573 812 2625 quas
840 2554 965 2626 plerique
994 2554 1140 2620 dixerunt,
1171 2557 1315 2620 inventio,

403 2645 567 2718 dispositio,
588 2649 750 2719 eloquutio,
768 2649 917 2710 memoria,
942 2653 1152 2720 pronunciatio.
1189 2649 1317 2703 Iuventio

404 2751 446 2794 est
473 2743 637 2808 excogitatio
664 2761 753 2806 rerum
782 2761 905 2809 verarum
933 2752 982 2796 aut
1004 2746 1208 2810 verisimilium,
1243 2763 1316 2816 quac

404 2851 513 2890 eausam
533 2837 702 2910 probabilem
714 2837 846 2905 ,reddant
882 2837 1031 2910 Dispositio
1051 2851 1093 2894 est
1108 2857 1196 2893 reuma
1218 2842 1316 2892 inven-

403 2941 493 2985 tarum
513 2935 543 2986 in
566 2934 689 2987 ordinem
711 2934 875 2989 distributio.
918 2935 1071 3006 Eloquntio
1092 2945 1133 2988 est
1155 2935 1316 2990 idoneorum

402 3027 548 3084 verborum
570 3039 597 3082 et
615 3030 812 3084 sententiarum
832 3029 867 3082 ad
885 3030 1070 3084 inventionem
1088 3029 1316 3088 accommodatio.

402 3122 534 3176 Memoria
545 3133 587 3176 est
599 3123 676 3176 firma
689 3125 772 3176 animi
783 3141 872 3178 rerum
885 3140 918 3179 ae
929 3124 1071 3180 verborum
1084 3125 1316 3178 adinventionem

404 3218 553 3288 perceptio.
567 3249 574 3258 -
590 3219 785 3272 Pronimeiatio
808 3227 849 3272 est
869 3219 958 3272 rerum
976 3229 1005 3272 et
1020 3219 1164 3274 verborum
1182 3219 1315 3288 dignitate

404 3295 478 3363 vocis
495 3321 523 3364 et
537 3314 654 3383 corporis
671 3313 828 3365 moderatio.
846 3342 878 3354 ·-·
915 3313 1076 3366 Aristoteles
1091 3315 1143 3366 tria
1157 3314 1184 3364 in
1199 3324 1256 3366 arte
1272 3313 1316 3380 di·

377 3471 380 3484 ,
403 3407 485 3457 cendi
501 3407 665 3476 perficienda
678 3408 802 3478 requirit,
822 3407 880 3460 scil.
893 3408 1099 3478 probationem,
1118 3391 1315 3470 elocutionem,

403 3496 620 3570 dispositionem.
664 3497 867 3576 Enssintpiot
894 3506 988 3578 ἐστὶν,
1016 3502 1037 3558 oi
1061 3491 1108 3560 iti
1129 3521 1315 3578 πραγματευ·
1378 3537 1382 3546 ·

404 3595 498 3659 θῆναι
521 3599 584 3669 περὶ
609 3602 663 3651 τὸν
692 3595 796 3664 λόγον·
824 3593 853 3650 ἓν
878 3602 949 3670 μὲν,
981 3602 1010 3654 ἐκ
1037 3598 1125 3655 riano
1153 3585 1317 3664 ai‘niorrre

405 3687 538 3750 ἔσονται·
566 3687 702 3766 δεύτερον
722 3687 774 3763 tt,
800 3693 863 3765 napi
879 3693 934 3756 erio
950 3689 1043 3762 λέξιν·
1066 3687 1232 3768 epitomii,
1257 3697 1317 3758 πῶς

346 3767 352 3782 .
404 3787 461 3853 tei
485 3781 578 3854 τάξαι
598 3789 638 3839 τὰ
659 3787 730 3858 μέρη
751 3789 810 3841 τοῦ
825 3781 933 3853 λόγου.
957 3791 1018 3858 περὶ
1041 3791 1093 3858 μὲν
1116 3789 1175 3840 τῶν
1193 3785 1317 3842 nistros

405 3875 519 3944 aientes
537 3900 562 3932 κ.
580 3897 609 3934 τι
626 3877 652 3934 l..
