2814 4872
794 363 904 478 aas·
970 309 979 332 ’

333 565 400 634 ,boc
415 563 536 630 dicere.
574 567 662 644 Quas
680 555 876 646 φαᾶιτασίας
891 549 1016 641 Graeci.
1027 569 1157 639 vocant,
1183 571 1242 624 nus
1260 582 1329 624 sane

337 675 480 737 visiones
502 672 720 756 adpellemus3
744 692 803 755 per
822 691 902 753 quas
923 669 1078 754 imagines
1098 691 1210 731 rerum
1229 670 1331 732 abseu·

337 781 422 844 tium
443 784 487 846 ita
505 791 798 864 repraesentantur
818 779 947 857 animo,
969 790 1007 840 ut
1028 778 1081 838 eas
1102 799 1238 842 cernere
1259 800 1331 838 ocu·

337 891 392 968 lis,
412 913 448 952 ac
464 899 652 974 praesentes
669 885 987 950 baberevideamus:
1009 887 1066 948 has
1085 886 1240 968 quisquis
1257 887 1331 946 bene

338 1001 545 1082 conceperit,
570 999 597 1058 is
614 995 676 1058 erit
693 996 724 1056 in
744 994 925 1060 adfectibus
942 995 1202 1078 potentissimus.
1223 1029 1226 1038 v
1245 995 1330 1055 Hunc

207 1113 209 1120 ’
287 1186 290 1206 1
339 1097 473 1192 quidam
496 1097 613 1166 dicunt
637 1106 927 1186 εὐφαντασίωτον,
957 1103 1014 1186 qui
1038 1103 1194 1180 sibirre's,
1224 1121 1329 1175 voces,

339 1227 449 1292 aetus,
474 1213 656 1277 secundum
674 1235 786 1273 verum
807 1211 929 1294 optime
952 1211 1077 1293 linget3'
1096 1211 1187 1293 quod
1208 1209 1331 1294 quidem

216 1361 220 1373 ·
253 1354 257 1360 ¹
306 1385 308 1388 ,
340 1323 434 1384 uobis
456 1321 644 1383 volentibus
665 1320 762 1382 facile
785 1320 963 1402 continget.
1004 1317 1086 1380 Nam
1106 1327 1143 1379 ut
1167 1319 1255 1380 inter
1274 1317 1332 1377 otia

157 1467 158 1474 κ
243 1469 245 1473 -
339 1431 521 1491 animorum
550 1403 593 1489 et¹
610 1449 682 1511 spes
711 1427 825 1490 inanes
853 1438 885 1488 et
910 1426 1001 1488 velut
1028 1427 1153 1487 somnia
1183 1425 1332 1509 quaedam

323 1534 564 1616 *vigilantium
589 1535 635 1596 ita
658 1555 716 1596 nos
739 1533 820 1613 hae,
842 1535 883 1598 de
907 1533 1025 1617 quibus
1050 1534 1237 1617 loquimur,
1261 1532 1332 1592 ima-

216 1711 227 1735 ·
275 1683 279 1691 ·
338 1643 429 1726 gines
452 1653 715 1726 prosequuntur,
745 1654 783 1706 ut
803 1642 1022 1726 peregrinari,
1052 1629 1223 1724 navigare,
1247 1661 1332 1725 proe-

338 1749 432 1827 liari,
464 1751 603 1834 populos
627 1749 778 1832 adloqui,
800 1750 1017 1825 divitiarum,
1047 1771 1126 1832 quas
1150 1770 1219 1810 nou
1241 1749 1330 1810 hahe-

338 1880 429 1936 mus,
452 1879 548 1920 usum
566 1856 734 1918 videamur
755 1856 944 1940 disponere,
968 1879 1027 1920 nec
1046 1843 1204 1940 cogitare,
1229 1855 1283 1917 sed
1295 1856 1331 1912 fa·

341 1988 430 2028 cere:
453 1965 516 2027 hoc
527 1965 626 2026 animi
639 1959 756 2030 vitium
773 1965 812 2054 ad
822 1965 998 2026 utilitatem
1014 1959 1329 2028 nontransferemusl

335 2074 381 2138 At
396 2073 562 2138 hominem
581 2059 729 2140 occisum
748 2093 888 2156 queror;
920 2094 986 2133 non
1004 2073 1126 2162 omnia,
1151 2090 1237 2156 quae
1254 2073 1284 2132 in
1301 2089 1330 2130 re

336 2184 503 2267 praesenti
533 2182 693 2244 accidisse
725 2181 880 2244 credibile
904 2190 972 2260 est,
1005 2181 1040 2241 in
1064 2181 1171 2242 aculis
1196 2177 1330 2242 habebo?

338 2312 404 2354 nou
425 2313 601 2375 percussor
623 2269 678 2352 ille
699 2290 829 2353 subitus
854 2289 1024 2371 erumpet?
1057 2311 1122 2350 non
1146 2293 1329 2372 expavescet

338 2397 603 2460 circumventus?
637 2397 849 2472 exclamabit,
882 2395 934 2456 vel
964 2396 1106 2477 rogabit,
1135 2399 1191 2459 vel
1220 2391 1330 2477 fugiet?

339 2527 406 2569 non
422 2506 611 2582 ferientem,
636 2528 701 2567 non
724 2503 953 2566 concidentem
972 2503 1108 2580 videbo?
1139 2529 1207 2568 non
1232 2505 1331 2566 auimo

339 2613 472 2696 san-guis
483 2653 499 2692 ,-
515 2622 547 2675 et
565 2613 689 2696 pallor,
714 2621 746 2676 et
763 2612 920 2694 gemitus,
943 2621 1105 2674 extremus
1122 2613 1268 2698 denique
1287 2629 1330 2670 ex·
1385 2639 1386 2656 κ

339 2721 493 2805 spirantis
519 2719 626 2782 hiatus
653 2721 795 2782 insidet?
825 2721 1023 2802 Insequetur
1050 2722 1222 2806 ἐνάργεια,
1255 2736 1329 2802 quae

256 2859 264 2878 r
339 2851 358 2888 e
383 2830 539 2892 Cicerone
567 2831 734 2896 illustratio
763 2838 795 2888 et
823 2827 979 2888 evidentia
1007 2829 1212 2904 nominatur:
1255 2841 1329 2910 quae

308 2945 309 2950 ’
339 2959 405 2999 non
425 2947 491 2997 tam
510 2937 618 2998 dicere
638 2936 787 3014 videtur,
813 2957 910 3018 quam
928 2933 1116 2999 ostendere:
1139 2945 1172 3000 et
1189 2937 1327 3000 adfectus

335 3081 698 3098 mua—¹·-

277 3203 280 3212 ,
350 3175 354 3180 ’
424 3163 497 3226 tius,
517 3162 589 3212 illud
608 3171 700 3214 tamen
718 3160 770 3212 «in
789 3137 912 3212 nostiam
930 3161 1112 3232 potestatem»
1132 3163 1234 3216 mendo
1254 3162 1325 3212 carel·

405 3259 586 3321 ,Videamus‚
620 3255 687 3328 quid
705 3254 867 3308 circahanc
886 3273 941 3308 rem
963 3257 1068 3310 Gellius
1085 3269 1213 3332 moneat:
1239 3257 1327 3324 Neque

422 3353 612 3406 soloecismum
631 3369 687 3402 csse
706 3349 798 3402 aiebat
814 3349 915 3422 (scilic.
933 3354 1036 3406 amicus
1054 3352 1154 3416 Gellii,
1175 3353 1257 3407 homo
1274 3363 1328 3418 per·

334 3483 338 3490 ›
424 3465 507 3520 quam
524 3443 665 3514 eruditus)
680 3446 711 3495 in
725 3431 884 3514 peccatricem
890 3448 983 3518 fnisse
1001 3435 1157 3519 (quomodo
1175 3429 1328 3502 Ciceronem

424 3543 524 3596 dixisse
546 3525 577 3596 iu
597 3549 662 3593 orat.
687 3557 734 3610 pro
755 3541 805 3608 leg.
827 3540 941 3594 Manilia
961 3542 1150 3613 testabatur),
1184 3553 1216 3596 ut
1237 3539 1327 3604 vulgus

361 3649 367 3660 ·
423 3637 604 3690 semidoctum
618 3645 709 3706 putat,
729 3636 788 3702 sed,
804 3637 907 3690 ratione
916 3638 1104 3691 dictumcerta
1119 3649 1147 3692 et
1156 3639 1250 3711 proba,
1268 3649 1329 3688 σου·

423 3731 572 3795 tendebat,
593 3749 647 3804 qua
663 3742 691 3786 et
706 3731 803 3786 Graeci
817 3733 855 3785 ita
871 3741 1026 3788 uterentur:
1050 3743 1079 3786 et
1094 3735 1217 3798 Plautus,
1237 3727 1328 3796 serbo-

422 3843 484 3878 rum
499 3825 649 3884 latinorum
668 3826 896 3902 elegantispinsus,
915 3829 945 3882 in
960 3827 1157 3898 Amphitryone
1175 3831 1263 3892 dixit,
1280 3839 1329 3876 uu·

421 3935 496 3972 mero
514 3921 581 3973 mihi
598 3925 630 3975 in
648 3933 763 3977 mentem
772 3924 851 3995 suit5
871 3943 940 3988 non,
966 3929 998 3975 ut
1016 3922 1070 3975 dici
1081 3911 1199 3979 'solitum
1217 3931 1274 3986 est,
1298 3917 1326 3969 in

347 3999 351 4013 ’
425 4026 512 4069 merite
534 4024 587 4072 etc:
613 4027 665 4074 etc.
709 4019 804 4090 (Nost.
828 4021 908 4074 Attio.
931 4017 949 4072 l.
973 4019 994 4070 1.
1016 4035 1039 4074 c.
1064 4018 1106 4089 7.)
