2844 4874
243 696 246 706 Ι
328 621 501 685 mediocris
516 622 604 684 inter
618 631 768 686 auctores
783 621 957 696 dissensio,
974 631 1007 682 et
1021 641 1106 703 quae
1120 619 1171 681 ris
1193 621 1363 682 nominis

414 854 456 907 his
470 871 556 926 quum
569 853 616 919 id,
636 853 712 926 quod
728 870 784 906 uno
795 861 845 906 aut
859 850 1035 923 paucioribus
1053 859 1130 908 certe
1148 849 1210 908 dici
1224 862 1361 923 potest,

415 948 587 1020 explicatur,
613 951 785 1025 περίφρασιν
799 957 918 1012 vocant,
945 949 1094 1002 circuitum
1108 945 1284 1019 loquendi,
1308 949 1361 1020 qui

414 1063 623 1118 nonnumquam
638 1045 829 1098 uecmaitatem
844 1043 945 1108 hahet,
972 1045 1083 1116 quoties
1102 1043 1180 1096 dictu
1207 1042 1361 1098 deformia

358 1117 360 1124 Α
413 1142 516 1212 operit,
538 1150 569 1196 ut
580 1139 741 1196 Sallustius:
760 1137 801 1192 ad
815 1141 953 1211 requisitu
968 1153 1098 1204 camurae.
1125 1139 1251 1194 Interim
1272 1156 1359 1192 orna·

414 1243 474 1288 tum
489 1237 561 1308 petit
573 1236 680 1301 solum,
708 1236 816 1310 quiest
836 1236 910 1308 apud
923 1245 1019 1308 poetas
1036 1234 1301 1307 frequentissimus.
1323 1261 1356 1274 -·
1412 1265 1413 1278 i

414 1332 450 1385 Et
470 1331 544 1402 apud
573 1328 692 1384 oratores
717 1350 774 1384 non
794 1349 885 1395 rarus,
919 1349 1024 1402 semper
1048 1340 1142 1384 tamen
1169 1331 1354 1384 adstrictior.
1412 1329 1413 1350 ³

414 1425 560 1498 Quidquid
582 1427 655 1478 euim
677 1427 823 1496 significari
841 1426 951 1482 brevius
972 1435 1079 1496 potest,
1107 1435 1227 1480 etcum
1247 1434 1356 1478 ornatu

414 1520 498 1574 latius
520 1521 691 1586 ostenditur,
726 1524 895 1598 περίφρασις
916 1530 966 1574 'est
993 1549 1027 1562 -··
1066 1519 1161 1591 Quum
1184 1520 1220 1574 in
1248 1520 1357 1573 vitium

412 1615 523 1680 incidit,
541 1615 748 1692 περισσολογία
762 1617 871 1670 dicitur.
909 1616 1008 1672 Obstat
1025 1616 1108 1681 enim,
1124 1615 1278 1687 quidquid
1296 1633 1355 1666 non

366 1723 371 1740 ⁸
413 1711 536 1779 adjuvat.
570 1711 751 1785 ’Ῥπερβατὸν
764 1729 895 1784 quoque,
914 1711 1019 1776 idest,
1040 1709 1117 1766 verbi
1130 1712 1358 1788 transgressio·

209 1800 211 1810 ’
280 1795 291 1814 ”
327 1863 350 1876 ..
414 1824 494 1868 nem,
514 1805 770 1878 quamircqueutcr
784 1807 855 1862 ratio
869 1807 1079 1876 comparationis
1094 1815 1123 1860 et
1139 1806 1230 1860 decor
1246 1806 1352 1880 poscit,

413 1919 471 1956 uon
486 1900 622 1956 immerito
641 1901 714 1954 inter
727 1901 844 1955 virtuter
860 1899 1002 1954 habemur.
1047 1903 1093 1954 Fit
1113 1902 1187 1955 enim
1212 1901 1353 1974 frequen·
1413 1947 1414 1950 ,

412 1997 516 2052 tissime
532 2011 643 2071 aspera,
671 1996 797 2060 etdura,
826 2005 855 2050 et
871 1995 1024 2060 dissoluta,
1048 1995 1301 2061 ethiansoratih‚
1330 1993 1351 2047 si
1413 2013 1414 2016 ¹

416 2093 451 2144 ad
464 2092 657 2146 necessitatem
674 2092 775 2146 ordinis
790 2092 833 2145 sui
846 2091 929 2146 verba
944 2091 1119 2159 redigantur,
1139 2101 1183 2156 et,
1200 2102 1239 2146 ut
1258 2090 1351 2165 quod·
1413 2101 1414 2104 ’

327 2173 342 2249 ,’
416 2205 473 2258 que
488 2188 591 2251 oritur,
611 2188 651 2240 ita
661 2189 809 2259 prosimu,
829 2187 912 2242 etiam
927 2186 949 2240 si
965 2187 1064 2264 vinciri
1078 2203 1135 2240 uon
1152 2195 1270 2256 potest,
1301 2185 1349 2239 ad·
1413 2127 1414 2216 i

415 2281 524 2350 ligetur.
569 2283 727 2336 Differenda
757 2261 840 2350 igitur
867 2281 1025 2353 quaedam,
1066 2291 1095 2336 et
1121 2279 1347 2352 praesumenda,

411 2387 503 2448 ,atque
528 2386 560 2430 ut
581 2379 611 2430 iu
636 2379 779 2430 structuris
800 2377 924 2448 lapidum
950 2375 1154 2448 impolitorum,
1182 2375 1269 2440 loco,
1292 2393 1347 2448 quo

415 2471 562 2534 convenit,
597 2471 730 2542 quodque
752 2471 921 2542 ponendum.
958 2470 1022 2524 Non
1044 2465 1117 2526 enim
1140 2471 1273 2526 recidere
1296 2489 1346 2533 ea,

417 2577 469 2620 nec
484 2563 572 2635 polire
587 2581 748 2634 possumus,
768 2582 847 2644 quae'
857 2574 1047 2632 coagmentata
1064 2585 1093 2620 ae
1110 2567 1193 2634 magis
1210 2569 1345 2636 jungunt,

417 2659 466 2712 aed
481 2658 617 2712 utendum
636 2657 696 2732 his,
722 2658 817 2731 qualia
831 2670 913 2724 sunt,
940 2660 1142 2734 eligendaeque
1158 2661 1250 2717 sedes.
1288 2662 1347 2714 Nec

417 2751 497 2806 aliud
508 2760 599 2822 potest
612 2770 765 2812 sermonem
780 2754 870 2808 iacere
883 2770 1069 2822 numerosum,
1088 2775 1171 2827 quam
1185 2767 1344 2830 opportuna
1414 2799 1415 2816 ,

418 2846 521 2900 ordinis
550 2845 674 2901 mutatio.
719 2849 797 2921 (vid.
815 2848 872 2917 huj.
895 2865 968 2920 oper.
985 2852 1008 2917 §.
1025 2849 1085 2920 ao.)
1103 2879 1136 2892 -
1172 2853 1279 2908 Verum
1297 2851 1342 2912 id,
1414 2915 1415 2920 ¹

416 2939 506 3015 qu'um
531 2942 639 2997 duobus
664 2943 754 2998 verbis
776 2944 826 3009 tit,
860 2945 1036 3020 ἁναστρᾳφὴ
1062 2945 1181 3011 dicitur,
1215 2947 1341 3004 reversio
1414 2931 1415 2950 ¹

417 3038 571 3109 quaedam,
589 3037 684 3110 qualia
697 3048 763 3094 sunt
777 3039 873 3103 vulgo:
907 3057 1027 3103 monum,
1045 3057 1156 3106 aecum5
1184 3043 1264 3113 apud
1284 3056 1340 3126 ora·

418 3143 490 3195 tores
513 3144 542 3188 et
565 3133 721 3188 historicos:
751 3132 907 3209 quibusda
932 3135 1022 3190 rebus.
1062 3137 1099 3190 At
1123 3117 1209 3208 quum
1234 3135 1340 3202 decoris

419 3218 502 3298 gratia
517 3227 677 3282 distrahitur
693 3229 944 3298 longimanum,
970 3230 1077 3304 proprie
1093 3231 1240 3304 hyperbati
1262 3237 1340 3288 tenet

418 3343 536 3391 nomen;
565 3333 613 3377 ut:
652 3323 862 3386 Animadverti,
886 3323 1015 3400 judices,
1041 3345 1147 3382 omnem
1165 3327 1338 3384 accusatoris

420 3421 577 3474 orationem
591 3420 622 3469 in
637 3417 707 3472 duos
721 3417 839 3474 divisam
856 3438 911 3475 esse
925 3434 1029 3490 partes.
1053 3423 1132 3492 (Cic.¹
1143 3441 1181 3493 pr.
1197 3422 1336 3478 Cluentio.

420 3531 443 3568 c.
464 3514 504 3585 ι.)
539 3513 608 3566 Nam
629 3516 661 3566 in
682 3512 753 3566 duas
773 3528 869 3586 parter
888 3514 1007 3570 divisum
1027 3535 1103 3582 esse,
1131 3527 1238 3572 rectum
1263 3527 1335 3578 erat,

420 3611 468 3664 sed
492 3611 592 3664 durum
612 3619 640 3664 et
660 3611 821 3670 inrotatum.
846 3639 878 3651 -·
907 3639 938 3652 -
982 3613 1160 3686 Hyperbolen
1185 3611 1337 3669 audacioris

419 3715 531 3760 ornatus
545 3724 650 3760 summo
664 3707 727 3760 loco
745 3705 832 3778 posui.
868 3705 916 3762 Eat
933 3705 1004 3762 haec
1026 3701 1176 3764 amauricus
1194 3709 1335 3784 ¹superjec-

420 3801 468 3852 τέο.
506 3801 599 3856 Virtus
621 3803 735 3871 elusor
754 3803 860 3856 diverso
882 3820 930 3876 par
951 3803 1168 3876 augendiatque
1184 3801 1334 3860 minuendi¹

419 3893 466 3948 Fit
479 3894 605 3966 pluribus
618 3898 714 3952 modis.
749 3899 806 3952 Aut
821 3897 894 3952 enim
908 3898 971 3969 plna
985 3897 1059 3954 iacto
1072 3899 1205 3956 dicimus:
1275 3918 1280 3966 ι

650 3993 814 4064 Geminique
834 3993 981 4048 mittuntur
1210 4055 1214 4062 ,

481 4073 516 4138 in
533 4085 640 4142 coelum
658 4087 774 4158 scopuli.
809 4087 822 4158 (
831 4089 902 4160 Virg.
917 4090 986 4146 Aen.
1002 4091 1024 4142 1.
1042 4083 1118 4159 162.)
