2844 4874
775 359 830 446 76

263 647 266 652 Δ
301 575 417 634 tutem
454 569 621 650 Quaedam
638 592 716 634 vero
735 569 819 634 tradi
837 577 908 634 arte
926 586 991 633 nou
1008 580 1165 654 possunt.
1184 603 1228 618 -—
1258 569 1334 664 <Ad

303 701 437 741 sensum
462 679 561 762 igitur
584 679 757 742 referenda
785 687 873 740 sunt.
914 679 1064 760 Neqneas
1090 677 1178 738 sutis
1213 679 1331 755 forte,

304 787 386 870 quid
403 809 570 866 severum,
592 787 676 871 quid
693 785 874 872 jucundum
891 785 954 866 sit,
976 784 1190 869 intelligere:
1216 785 1329 848 facias

124 965 133 986 l
177 915 184 926 ·
256 980 259 982 .
304 893 437 976 quidem
457 904 573 957 natura
594 895 677 958 duce
700 893 836 972 melius,
860 913 957 976 quam
976 902 1064 968 arte;
1089 892 1151 958 sed
1176 905 1329 959 naturae
1414 923 1416 980 ς

304 1001 366 1085 ipsi
383 1001 552 1086 ura-inerit
568 981 606 1081 ἐν).

336 1264 361 1334 ’)
385 1265 518 1338 Reliqua,
552 1285 625 1339 quae
643 1265 866 1338 compositionem
884 1275 1028 1338 spectum,
1057 1275 1216 1338 praecepta
1237 1268 1326 1334 magis

387 1361 551 1428 singularia,
579 1377 695 1432 quorum
713 1363 831 1434 plurima
849 1361 878 1414 in
899 1361 1041 1415 Ciceronis
1062 1361 1134 1416 libro
1156 1345 1196 1414 'de
1213 1365 1324 1434 optimo

387 1471 490 1526 genere
511 1450 625 1509 diceridi
651 1443 718 1529 (qui
742 1467 841 1510 orator
860 1456 1035 1526 inscribitur)
1059 1467 1238 1522 occurrunt,
1272 1473 1324 1509 suo

387 1549 452 1604 loco
476 1550 525 1623 (in
548 1551 624 1606 Poet.
651 1561 682 1605 et
705 1551 834 1622 libetur)
858 1559 1053 1623 proponentur.
1089 1553 1180 1606 Juvat
1209 1551 1323 1604 interea

388 1643 543 1700 adscribere
566 1645 659 1700 adhuc
683 1645 819 1699 nonnulla
845 1665 932 1718 quum
958 1665 991 1700 ex
1015 1645 1093 1700 libris
1116 1648 1257 1705 auctoris
1284 1643 1326 1699 ud

387 1741 579 1803 Herennium,
596 1750 656 1796 tum
675 1759 709 1794 ex
727 1742 776 1795 illo
794 1741 853 1812 ipso
874 1742 1028 1796 Ciceronis.
1073 1781 1076 1788 .

441 1835 522 1907 Apud
550 1849 692 1889 auctorem
719 1833 759 1888 ad
782 1839 847 1890 Her.
875 1852 947 1908 quae
973 1844 1146 1907 sequnntur,
1186 1845 1319 1891 exstant:

389 1930 556 2001 Compositio
575 1940 616 1984 est
633 1931 777 1984 verborum
796 1931 979 1995 constructio,
1006 1930 1198 2002 aequabiliter
1216 1950 1318 2003 perpo-

387 2026 485 2097 polita.
521 2003 802 2087 Ea⁴conservubitur,
828 2025 850 2077 si
874 2026 1008 2093 fugiemus
1035 2027 1143 2079 crebras
1173 2027 1318 2080 vocalium
1410 2041 1411 2052 ¹

388 2120 601 2186 concursiones,
622 2149 654 2160 -
674 2129 703 2174 et
720 2120 742 2172 si
760 2119 906 2173 vitabimus
926 2121 1049 2188 ejusdem
1067 2113 1181 2174 fitterae
1201 2122 1316 2174 nimiam

389 2216 597 2282 assiduitatem,
631 2217 677 2270 cui
703 2216 771 2270 vitio
796 2233 888 2270 versus
915 2215 961 2268 hic
988 2216 1039 2268 erit
1066 2212 1198 2289 exemplo
1231 2218 1315 2289 (nem
1407 2237 1409 2242 ’

303 2337 307 2342 ·
349 2290 353 2298 ¹
386 2307 456 2363 nihil
475 2311 602 2382 prohibet
620 2311 649 2363 in
667 2311 760 2375 vitiis,
780 2302 876 2362 alienis
895 2310 1026 2380 exemplis
1046 2307 1121 2379 uti):

370 2457 373 2462 ,
417 2405 440 2454 0
460 2390 539 2464 Tite,
560 2417 634 2465 tute,
656 2405 741 2465 Tati,
761 2403 812 2458 tibi
830 2416 930 2463 tanta,
950 2417 1070 2468 tyranne
1089 2403 1192 2472 tulisti.
1214 2435 1249 2446 -

387 2495 462 2548 Etsi
481 2497 604 2563 ejusdem
621 2497 697 2549 verbi
715 2497 903 2550 assiduitatem
921 2497 1032 2550 nimiam
1046 2499 1201 2568 fugiemus3
1225 2518 1258 2552 ea
1271 2507 1312 2552 est

385 2589 558 2657 hujusmodi:
576 2607 640 2641 nam
659 2591 862 2658 cujusratiouis
877 2576 946 2644 ratio
961 2610 1017 2646 non
1032 2601 1133 2657 exstet,
1155 2596 1182 2648 ei
1198 2593 1309 2656 rationi,

319 2675 327 2686 ’
388 2686 458 2738 ratio
476 2701 532 2736 non
551 2692 609 2748 est,
629 2683 711 2738 iidem
726 2684 837 2739 habero.
857 2685 908 2758 vEt
921 2671 1101 2740 si'rerborum
1113 2691 1309 2758 trajectionem

388 2778 550 2841 vitabimus,
576 2776 627 2828 nisi
653 2793 725 2848 quae
751 2778 802 2830 erit
826 2777 1029 2847 concinnas-
1057 2799 1112 2853 quo
1131 2783 1165 2836 iu
1182 2785 1250 2839 vitio
1269 2791 1310 2838 est
1405 2781 1406 2784 ’

389 2873 511 2928 Lucilius
530 2870 669 2936 assiduus,
690 2879 722 2924 ut
739 2870 794 2924 hoc
812 2882 852 2926 est
870 2873 1004 2944 inpriore
1022 2875 1108 2928 libro:
1173 2874 1177 2882 “
1403 2850 1404 2869 i

449 2969 508 3021 Has
526 2965 569 3020 'res
588 2963 628 3020 ad
644 2977 669 3018 te
687 2967 824 3036 scriptas,
843 2967 932 3028 Luci,
950 2969 1090 3032 misimus,
1110 2971 1184 3024 Aeli.

390 3063 462 3116 Item
486 3061 580 3130 ingere
607 3069 714 3132 oportet
745 3061 853 3128 longam
877 3061 1021 3120 verborum
1047 3065 1303 3130 continuationem,

270 3216 277 3231 Γ
390 3175 462 3229 quae
481 3164 510 3209 ct
527 3153 658 3208 auditoris
676 3169 755 3210 aures
773 3163 804 3208 et
820 3155 932 3208 oratoris
950 3156 1073 3230 spiritum
1087 3158 1184 3214 laedit.
1203 3162 1242 3232 (l.
1258 3160 1303 3212 IV.

286 3238 288 3242 ¹
379 3245 657 3318 c12.§.18.)*-

442 3344 483 3396 Ex
505 3343 647 3398 Ciceronis
664 3340 754 3407 libro,
787 3341 868 3396 modo
892 3342 1022 3410 laudato,
1055 3345 1110 3400 hoc
1136 3347 1303 3404 adducenda

392 3441 536 3496 videntur:
807 3506 810 3512 1

443 3538 486 3590 De
510 3534 597 3589 verbis
623 3533 694 3587 enim
718 3529 912 3601 componendis
930 3540 958 3584 et
976 3533 1011 3585 de
1029 3535 1141 3601 syllabis
1158 3553 1301 3612 propemo-

371 3693 375 3700 ἢ
391 3629 457 3682 dum
471 3627 674 3683 dinumerandis
694 3636 722 3680 et
738 3623 910 3678 dimetiendis
923 3626 1084 3700 loquentum
1105 3649 1178 3702 quae
1194 3631 1300 3687 etiamsi
1317 3679 1320 3686 ,

271 3745 276 3753 ’
311 3713 317 3726 ’
390 3732 470 3787 suut,
489 3724 572 3778 sicuti
585 3721 973 3784 mihividenturnecessaria,
999 3729 1092 3776 temen
1107 3723 1178 3778 fiunt
1197 3726 1299 3794 magni-

391 3817 534 3885 licentius,
560 3836 643 3892 quem
663 3815 805 3870 docentur.
835 3839 864 3851 -
909 3815 975 3867 Nam
1002 3821 1122 3872 omnium
1143 3837 1296 3890 magnarum

305 3917 312 3960 ἔ
366 3893 507 3982 'attin-ru,
540 3914 612 3966 sicut
632 3911 778 3972 arborum,
811 3905 930 3960 altitudo
952 3927 1001 3964 nos
1023 3909 1162 3979 delectat,
1194 3916 1296 3970 rediccs

363 4005 372 4014 “
390 4010 542 4084 stirpesque
565 4024 620 4062 non
644 4007 726 4074 item,
761 4001 809 4076 sed
831 4009 887 4070 esse
914 4002 964 4056 illa
985 4005 1043 4060 sine
1062 4006 1104 4063 his
1124 4027 1179 4065 nou
1199 4017 1293 4086 puteat·
