2942 4864
776 391 862 470 288

761 597 785 677 s.
829 598 881 664 so.

549 731 598 792 De
620 728 699 792 artis
722 727 884 826 oratoriae
905 724 1092 810 partitione.

645 911 678 980 a)
720 902 813 965 Circa
834 903 1004 964 materiam.

574 1112 673 1166 Cicero
709 1111 769 1184 (De
787 1110 892 1165 invent.
909 1109 929 1165 l.
947 1113 971 1167 1.
990 1125 1014 1162 c.
1033 1103 1078 1178 5.)

384 1229 554 1294 Materiam
575 1230 654 1294 artis
672 1251 743 1292 eam
765 1228 925 1306 dicimus,
960 1227 995 1288 in
1013 1249 1078 1310 qua
1096 1224 1207 1288 omnis
1221 1248 1274 1290 ars
1296 1235 1336 1291 et

323 1337 535 1412 catamitos,
559 1358 644 1419 quae
664 1335 841 1398 conficitur
860 1357 899 1398 ex
920 1347 1007 1412 arte,
1030 1343 1189 1424 versatur.
1233 1337 1278 1396 Ut
1298 1335 1334 1396 si

321 1445 504 1508 medicinae
520 1443 687 1507 materiam
701 1441 848 1534 dicamus
865 1441 993 1506 morbos
1010 1440 1211 1518 nerninem,
1236 1440 1336 1522 quod

321 1553 357 1616 in
387 1551 437 1612 his
468 1549 575 1614 omnis
608 1549 772 1612 medicina
797 1561 966 1612 versetur:
1010 1549 1111 1633 item,
1148 1549 1265 1632 quibus
1289 1549 1331 1610 in

320 1660 418 1724 rebus
438 1653 588 1722 versatur
607 1680 657 1720 ars
677 1668 710 1720 et
728 1659 869 1722 facultas
892 1658 1051 1737 oratoria,
1083 1681 1137 1721 eas
1158 1679 1209 1720 res
1230 1666 1332 1720 mate-

320 1765 403 1832 riam
424 1768 503 1830 artis
523 1767 707 1830 rhetoricae
728 1767 946 1828 nominamus.
989 1769 1053 1830 Has
1074 1777 1183 1828 autem
1201 1787 1255 1828 res
1273 1765 1333 1827 alii

321 1875 453 1960 plures,
489 1875 543 1935 alii
566 1875 738 1958 pauciores
768 1873 1046 1937 existimaverunt.
1068 1875 1172 1944 ‚Nam
1192 1873 1331 1958 Gorgias

320 1981 524 2060 Leontinus,
565 1981 815 2066 antiquissimus
845 1983 914 2044 fere
945 1983 1072 2058 rhetor,
1106 1967 1257 2044 omuibus
1290 1981 1332 2044 de

247 2119 250 2134 ·
320 2093 418 2155 rebus
440 2099 611 2170 oratorem¹
626 2091 747 2174 optime
771 2111 866 2175 posse
886 2089 995 2150 dicere
1016 2090 1223 2152 existimavit.
1267 2085 1332 2152 Hic

322 2197 486 2262 infinitam
509 2209 542 2260 et
564 2198 754 2260 immensam
781 2198 859 2259 huic
888 2196 1027 2258 artificio
1054 2197 1224 2258 materiam
1252 2199 1333 2258 sub-

320 2303 421 2392 jicere
448 2305 580 2368 videtur
603 2309 641 2384 *).
684 2305 879 2368 Aristoteles
908 2315 1041 2382 autem,'
1071 2301 1131 2389 dui
1162 2305 1240 2367 huic
1266 2305 1331 2370 arti

322 2414 463 2500 plurima
488 2412 674 2496 adjumenta
705 2401 805 2496 atque
829 2421 1030 2473 ornamenta·
1045 2413 1330 2497 subministravit,¹

312 2521 430 2586 ¹tribus
455 2519 488 2579 in
515 2520 690 2604 generibus
722 2541 831 2581 rerum
858 2520 980 2580 versari
1011 2521 1152 2590 rhetoris
1185 2522 1331 2586 officium

322 2628 474 2713 putavit,
517 2627 785 2701 demonstrativo,
830 2628 1060 2704 deliberativo,
1095 2631 1251 2713 judiciali
1275 2631 1330 2708 **).

322 2735 626 2828 Demonstrativum
642 2745 708 2814 est,
732 2735 822 2818 quod
837 2737 997 2800 tribuitur
1011 2738 1045 2799 in
1064 2737 1202 2824 alicujus
1220 2751 1331 2804 certae

323 2865 482 2930 personae
505 2833 634 2932 laudem
655 2853 712 2904 aut
728 2843 1022 2926 vituperationem
1054 2847 1329 2927 deliberativum,

326 2951 415 3035 quod
431 2952 574 3035 positum
595 2952 628 3012 in
646 2951 883 3036 disceptatione
900 2965 933 3016 et
948 2956 1193 3018 consultatione
1213 2956 1328 3039 civili,

322 3057 423 3122 habet
439 3060 473 3120 in
495 3081 529 3121 se
547 3061 728 3122 sententiae
749 3061 946 3134 dictionem3
969 3061 1143 3146 judiciale,
1166 3065 1254 3148 quod
1273 3086 1329 3146 po·

324 3165 424 3230 situm
445 3167 478 3227 in
494 3165 639 3252 judicio,
671 3167 767 3229 habet
793 3168 827 3228 in
849 3189 884 3229 se
904 3172 1149 3232 accusationem
1167 3183 1199 3234 et
1219 3169 1328 3232 deien-

312 3275 469 3352 eionem,
493 3285 549 3336 aut
565 3275 759 3358 petitionem
777 3286 817 3337 et.
827 3276 1080 3340 recusationem.
1121 3279 1182 3358 Et,
1211 3301 1328 3364 qnem-

326 3409 685 3426 m

370 3479 396 3552 *)
413 3481 456 3536 De
472 3483 588 3550 Gorgiae
604 3484 675 3534 circa
688 3479 761 3554 hanc
780 3501 836 3537 rem
850 3479 988 3539 'sententia
1005 3485 1039 3539 cs.
1056 3487 1182 3542 Platonis
1199 3489 1278 3556 Gorg.
1297 3496 1327 3542 et

410 3577 530 3648 inprimis
547 3577 659 3630 Phaedr.
1193 3648 1196 3659 Ι

356 3664 397 3740 **)
416 3672 492 3726 Idem
509 3673 565 3726 fere
581 3673 696 3742 Quintil,
712 3671 795 3726 dicit:
827 3675 1010 3729 idristoteles
1025 3685 1078 3731 tres
1095 3677 1221 3732 iaciendo
1237 3686 1327 3748 partes

409 3766 555 3830 orationis,
584 3765 769 3839 judicialem,
797 3765 1027 3833 deliberativam,
1061 3770 1323 3832 demonstrativam,

408 3877 495 3930 paene
517 3871 545 3912 et
563 3862 619 3932 ipse
642 3855 741 3916 oratori
761 3863 880 3930 subjecit
898 3864 1004 3932 omnim
1031 3862 1102 3916 nihii
1123 3866 1195 3918 enim
1217 3866 1325 3918 nonin
1412 3869 1418 3876 '

408 3951 487 4029 haec·
501 3956 583 4008 cadit.
618 3957 719 4028 (1,.11.
741 3973 766 4016 c.
779 3975 819 4012 aa.
843 3956 865 4029 5
881 3956 939 4026 23.)
961 3983 994 4010 ··,·
1036 3959 1072 4012 Et
1093 3961 1192 4014 Cicero
1214 3960 1325 4014 sibimet

408 4047 460 4120 ipsi
475 4052 673 4120 comparandus
687 4053 763 4107 Part.
778 4065 851 4105 orat.
865 4067 889 4106 c.
904 4071 946 4106 ao.
1267 4041 1272 4054 x
