2890 4866
816 466 900 542 356

356 661 436 746 quid
453 660 530 721 muli
551 661 594 723 sit
615 671 828 738 eventurum,
862 661 1168 722 demonstrabimus.
1211 663 1352 739 Quartus

337 759 448 834 'locus
467 782 534 848 est,
567 791 739 852 perquem
759 769 1041 846 demonstramus,
1074 771 1196 831 multos
1219 771 1353 832 alaereis

355 889 555 963 exspectare,
578 876 659 961 quid
677 887 860 954 statuatur,
882 886 920 936 ut
936 898 975 936 ex
994 898 1032 936 eu
1043 921 1054 952 ‚
1088 877 1177 958 quod
1199 880 1258 937 uui
1277 900 1352 940 con-

356 1007 485 1046 cessum
509 986 573 1063 sit,
610 985 671 1076 sibi
696 1006 829 1067 quoque
852 984 910 1045 tali
934 985 976 1046 de
996 1007 1031 1048 re
1054 985 1136 1067 quid
1161 986 1277 1061 liceat,
1309 987 1354 1046 iu-

356 1093 503 1175 telligere
519 1092 657 1175 possint.
701 1093 844 1170 Quintus
863 1093 957 1155 locus
974 1104 1035 1163 est,
1059 1116 1117 1175 per
1134 1116 1233 1176 quem
1249 1104 1354 1156 osten·

355 1199 484 1278 dimus,
516 1210 659 1262 caeteras
677 1223 728 1260 res
753 1223 920 1286 perperam
938 1201 1156 1277 constitutas,
1189 1203 1356 1266 intellecta

353 1309 484 1398 veritate
494 1353 507 1379 ,
539 1287 764 1368 cornmutatas'
780 1307 896 1390 corrigi
917 1330 1032 1390 posses
1067 1308 1152 1370 hanc
1175 1332 1245 1371 esse
1267 1331 1355 1386 rem,

356 1438 452 1498 quae,
470 1413 498 1475 si
515 1415 557 1476 sit
575 1416 673 1476 semel
692 1411 858 1497 judicata,
883 1438 989 1498 neque
1012 1415 1076 1476 alio
1097 1418 1290 1478 commutari
1306 1414 1358 1498 ju-

355 1523 466 1600 dicio,
499 1543 607 1606 neque
638 1522 705 1584 utta
734 1532 896 1606 potestate
928 1513 1047 1606 corrigi
1075 1525 1188 1606 possit.
1241 1527 1357 1585 Sextus

354 1631 447 1694 locus
467 1641 536 1706 est,
559 1652 732 1712 perquem
750 1631 915 1704 corasulto,
948 1643 981 1693 et
996 1631 1034 1692 de
1054 1631 1215 1691 industria
1232 1632 1357 1692 factum

355 1761 426 1804 esse
450 1739 713 1816 demonstratur,
750 1748 782 1798 et
806 1738 888 1799 illud
910 1735 1114 1820 adjungitur,
1147 1733 1356 1828 Voqur'srnuro

331 1917 336 1929 Ι
354 1845 515 1908 maleficio
531 1846 659 1908 veniam
674 1844 743 1905 dari
760 1867 824 1906 non
840 1857 1005 1930 oportere:
1030 1846 1266 1928 imprudentiae
1275 1867 1356 1912 ,con-

289 1935 294 1946 Ι
354 1954 446 2031 cedi,
476 1975 723 2034 nonnumquam
744 1954 930 2015 convenire.
983 1954 1147 2036 Septimus
1167 1953 1262 2014 locus
1284 1964 1356 2032 est,

352 2083 528 2146 perquem
549 2059 775 2142 indignamur,
801 2060 889 2145 quod
910 2070 1069 2138 taetrum,
1093 2061 1245 2138 crudete,
1270 2065 1358 2122 nefa·

353 2170 461 2246 rium,
481 2147 679 2250 tyrannicum
701 2171 824 2232 factum
842 2179 912 2231 ess‘e
932 2169 1090 2246 dicamus,
1113 2170 1274 2251 pervim,
1298 2192 1357 2254 per

354 2302 486 2342 manum
507 2279 714 2362 opulentam,
738 2269 888 2360 quaeres
906 2279 945 2338 ab
963 2278 1101 2360 legibus,
1126 2288 1159 2339 et
1178 2278 1217 2338 ab
1235 2301 1356 2360 aequa-

314 2369 316 2379 Ι
353 2386 412 2448 bili
428 2385 499 2469 jure
516 2385 733 2447 remotissima
748 2386 799 2446 sit.
845 2387 991 2448 Octavus
1007 2386 1100 2447 locus
1120 2395 1169 2448 est
1184 2408 1242 2468 per
1258 2408 1358 2467 quem

354 2493 633 2576 demonstramus,
668 2515 733 2554 non
751 2489 901 2574 obigere,
931 2515 1039 2575 neque
1059 2494 1247 2555 factitatum
1268 2516 1356 2571 esse,

355 2623 395 2664 ne
411 2601 449 2660 ab
469 2601 694 2666 audacissimis
715 2601 846 2683 quidem
865 2601 1073 2678 hominibus,
1098 2601 1130 2662 id
1146 2601 1356 2679 maleficium,

354 2708 394 2772 de
415 2729 480 2791 quo
498 2710 622 2790 agitur,
645 2717 744 2790 atque
764 2707 796 2767 id
812 2730 830 2766 a
847 2707 924 2768 feris
946 2729 1078 2790 qnoque
1096 2709 1302 2788 homiuibus,
1325 2719 1360 2772 et

338 2819 372 2878 ‘a
395 2817 539 2879 barbaris
558 2817 733 2898 gentibus,
772 2826 804 2878 et
830 2814 1024 2878 immanibus
1051 2817 1166 2878 bestiis
1195 2830 1359 2880 remotum

355 2945 437 2988 esse.
476 2925 562 2986 Haeo
582 2935 699 3002 erunt,
725 2923 860 3007 quaein
880 2937 1050 3006 parentes,
1071 2926 1216 3002 liberos,
1241 2927 1359 3010 couju-

355 3055 430 3117 με,
461 3033 742 3114 consanguineos,
777 3032 963 3116 supplices,
998 3033 1176 3094 crudeliter
1194 3036 1283 3096 sacta
1308 3035 1360 3094 di-

309 3151 494 3222 ficentur:
538 3154 571 3204 et
598 3141 752 3222 deinceps
781 3141 808 3200 si
835 3161 899 3222 qua
925 3141 1133 3224 proferantur
1154 3141 1185 3200 in
1218 3139 1360 3224 majores

285 3322 287 3332 ,
356 3239 456 3327 natu,
490 3249 523 3309 in
551 3248 719 3333 hospites,
754 3247 957 3325 invicinus,
989 3247 1185 3326 inamicos,
1221 3249 1256 3310 in
1282 3269 1362 3326 eos,

357 3359 554 3442 quibuscum
571 3359 672 3420 vitam
692 3355 814 3440 egeris,
838 3354 871 3416 in
891 3378 968 3433 eos,
993 3356 1178 3440 apudqquos
1199 3357 1363 3420 educatus

356 3467 420 3543 sis,
444 3465 477 3526 in
497 3487 572 3542 eos,
594 3456 612 3524 a
633 3465 750 3546 quibus
770 3462 916 3526 eruditus
930 3491 937 3535 ;
952 3454 997 3524 'i‘n
1017 3474 1181 3542 mortuos,
1207 3464 1241 3526 in
1259 3467 1364 3528 misc-

285 3610 290 3626 ι
356 3592 430 3648 ros,
454 3581 486 3634 et
508 3570 731 3650 misericordia
750 3571 884 3652 dignos,
907 3571 941 3631 in
959 3570 1108 3636 homines
1126 3571 1245 3650 claros,
1270 3573 1365 3634 nobi·

355 3679 421 3755 les,
445 3690 477 3740 et
498 3681 622 3742 honore
640 3701 728 3757 usos,
751 3680 785 3740 in
808 3700 874 3756 eos,
898 3680 956 3762 qui
973 3701 1082 3764 neque
1099 3678 1226 3742 laedere
1244 3680 1366 3758 alium,

358 3807 418 3846 nee
444 3807 478 3848 se
508 3787 682 3852 defendere
710 3797 910 3874 potuerunt,
943 3798 981 3850 ut
1010 3789 1043 3848 in
1068 3807 1207 3880 pueros,
1241 3812 1367 3868 senes,

358 3893 530 3954 mulieres:
554 3896 673 3977 quibus
693 3897 842 3956 omnibus
864 3894 985 3980 aeriter,⁸
1004 3873 1368 3979 excitata'indiguatio,

291 4065 293 4070 ,
359 4023 520 4064 summum
542 4003 575 4064 in
594 4026 684 4078 eum,
710 4004 767 4085 qui
787 4003 916 4063 violarit
938 4002 1054 4064 horum
1077 4004 1223 4086 aliquid,
1248 4005 1370 4067 ostium

360 4129 564 4172 commovere
596 4110 746 4193 poterit·
773 4111 885 4172 Nonus
913 4109 1008 4172 iocus
1037 4121 1108 4188 est,
1152 4133 1212 4194 per
1239 4136 1367 4197 quem,
