2844 4874
605 323 661 462 os

127 585 353 653 tradidissent.
395 587 510 671 Itaque
538 586 692 650 accedam
721 585 756 648 in
785 583 1130 672 plerisquo·Clneroni

127 673 234 781 atque
253 696 286 756 in
311 695 350 756 iis
370 717 448 776 ero,
484 715 567 778 quae
588 692 774 756 indubitata
789 703 887 774 sunt,
914 693 1065 771 brevium
1098 697 1134 758 in

129 803 329 887 quibusdam
360 803 494 886 paulum
524 801 664 866 fortasse
696 801 896 865 dissentiam.
930 781 969 852 ’-
1019 807 1136 888 Neque

129 912 269 995 ignoro,
293 899 453 994 quosdam
469 927 559 989 esse,
584 911 642 993 qui
661 931 773 973 euram
789 933 918 976 omnem
932 915 1137 1000 compositio-

128 1017 388 1082 nisexeludant
412 1030 512 1101 atque
541 1017 636 1080 illum
662 1017 833 1080 horridum
861 1041 1065 1098 sermonem,
1099 1031 1139 1084 ut

126 1131 216 1190 forte
246 1119 397 1206 fluxerit,
430 1125 527 1192 modo
552 1127 652 1209 magis
683 1127 886 1206 naturalem,
918 1127 1014 1190 modo
1040 1127 1139 1192 etiam

129 1234 236 1317 magis
264 1233 393 1296 virilem
424 1255 495 1298 esse
523 1233 737 1296 contendant.
769 1269 808 1282 -
867 1227 991 1302 Verum
1021 1234 1056 1297 id
1088 1247 1138 1300 est

130 1341 273 1404 maxime
298 1341 466 1420 naturale,
510 1341 600 1424 quod
626 1341 696 1402 lieri
720 1352 836 1407 natura
856 1343 979 1428 optime
1003 1340 1138 1427 patitur.

129 1451 265 1519 Fortius
294 1471 373 1510 vero
395 1448 485 1533 quod
504 1437 757 1532 incompositum
779 1463 890 1536 potest
914 1473 1006 1532 esse,
1041 1475 1141 1536 quam

133 1559 285 1621 vinctum
311 1565 343 1620 et
368 1557 452 1620 bene
479 1556 698 1639 collocatum?
733 1593 772 1606 -
827 1559 982 1623 Ceterum
1014 1569 1140 1642 quanto

135 1664 362 1729 vehementior
379 1663 553 1726 fluminum
570 1685 687 1726 cursus
706 1673 756 1728 est
772 1684 877 1750 prono
898 1667 991 1730 alveo
1010 1689 1047 1730 ac
1067 1669 1142 1728 nul-

136 1775 185 1836 las
204 1797 309 1836 moras
332 1772 528 1859 objiciente,
553 1795 651 1857 quam
670 1775 756 1837 inter
779 1776 944 1838 obstantia
961 1789 1036 1852 sana
1054 1778 1143 1838 frao-
1191 1795 1203 1826 τ

137 1885 180 1946 tis
197 1882 295 1966 aquis
319 1904 357 1943 ac
375 1881 640 1956 reluctantibus3
673 1893 787 1960 tanto,
819 1905 903 1966 quae
924 1904 1072 1954 connexa
1093 1893 1143 1946 est
1221 1878 1227 1882 ’
1303 1889 1318 1912 ²

138 2001 172 2052 et
200 1989 279 2053 totis
309 1986 434 2049 viribus
461 1987 550 2068 fluit,
591 1991 720 2072 fragosa
750 1999 783 2052 et
813 1989 997 2075 interrupta
1025 1989 1143 2053 melior

137 2097 253 2159 oratio.
305 2097 372 2158 Cur
396 2116 471 2180 ergo
506 2095 593 2157 vires
625 2094 711 2178 ipsas
742 2098 850 2180 specie
884 2097 968 2159 solvi
1001 2101 1142 2181 putent,

138 2204 271 2288 quando
293 2226 345 2266 res
372 2225 433 2265 nec
453 2201 520 2262 ulla
541 2202 613 2264 sine
632 2213 701 2264 arte
719 2203 801 2271 satis
820 2203 929 2265 valeat
952 2215 985 2290 et
1008 2199 1144 2268 coinite-

136 2323 194 2374 tur
215 2334 342 2396 semper
369 2323 472 2375 artem
498 2310 619 2374 decor?
649 2344 692 2358 -·
734 2311 844 2391 Quare
873 2310 955 2372 mihi
981 2312 1145 2396 composi-

135 2420 228 2482 tione
251 2419 341 2483 velut
364 2418 502 2502 amentis
530 2417 726 2510 quibusdam
753 2421 927 2504 nervisque
955 2420 1084 2483 intendi
1111 2431 1144 2484 et
1178 2458 1183 2464 -

138 2526 301 2590 concitari
320 2525 505 2616 sententiae
524 2527 688 2590 videntur.
732 2526 808 2589 Ideo
826 2527 1050 2592 eruditissimo
1071 2529 1144 2591 eui·

138 2658 205 2720 que
226 2657 420 2720 persuasum
441 2644 513 2714 est,
545 2635 654 2698 valere
675 2656 746 2696 eam
766 2634 1058 2720 quamplurimum
1075 2660 1143 2699 nou
1206 2679 1212 2694 .

137 2744 180 2804 ad
207 2743 460 2806 delectationem
483 2742 599 2819 modo,
633 2741 691 2804 sed
710 2741 895 2820 admotum
921 2767 1053 2829 quoque
1071 2745 1143 2806 ani-

137 2872 277 2912 morum.
300 2831 349 2898 ...⁸
384 2849 480 2930 Quod
496 2837 685 2930 sinumeris
703 2871 740 2911 ae
757 2849 861 2912 modis
877 2849 965 2914 inest
983 2855 1143 2936 quaedam

137 2959 240 3020 tacita
256 2957 325 3035 vis,
349 2957 382 3018 in
403 2960 550 3019 oratione
572 2966 622 3019 est
637 2957 922 3026 vehementissima
930 2985 939 3033 ;
966 2971 1144 3040 quantum-

139 3086 214 3146 que.
233 3063 389 3150 interest,
423 3085 539 3128 sensus
571 3063 659 3126 idem
679 3062 807 3155 quibus
832 3065 939 3126 verbis
967 3067 1141 3146 efferatur,
1172 3041 1179 3060 .

137 3161 287 3251 tantum,
322 3173 417 3235 verba
430 3171 550 3234 eadem
575 3193 641 3256 qua
666 3170 904 3255 compositione
923 3171 975 3234 vel
993 3169 1028 3234 iu
1049 3183 1143 3238 textu

140 3277 341 3363 jungantur,
371 3280 422 3343 vel
444 3280 479 3342 in
498 3281 562 3342 fine
587 3279 792 3342 claudantur.
835 3279 915 3342 Nam
931 3279 1090 3363 quaedam
1109 3291 1143 3344 et

139 3387 314 3449 sententiis
332 3408 432 3470 parva
450 3395 484 3450 et
502 3387 689 3450 elocutione
707 3386 835 3449 modica
855 3387 958 3449 virtus
975 3387 1056 3449 haec
1073 3387 1143 3450 sola

140 3483 354 3556 commendat.
398 3492 549 3579 Denique
571 3493 660 3580 quod
686 3495 933 3578 cuiquevisum
954 3496 1015 3557 erit
1042 3495 1143 3560 vehe-

139 3601 285 3678 menter,
307 3601 465 3683 duloiter,
494 3588 641 3688 speciose
665 3605 811 3684 dictum,
840 3604 946 3668 solvat
967 3615 1000 3668 et
1016 3605 1140 3684 turbet:

139 3711 257 3774 abierit
276 3693 379 3800 omnis
398 3712 467 3790 vis,
490 3707 691 3796 jucunditas,
715 3711 822 3774 decor.
844 3745 884 3760 -·-
923 3712 1032 3790 Nunc,
1056 3721 1152 3798 quae

138 3819 230 3901 prius
258 3815 317 3896 iis,
365 3820 422 3903 qui
452 3831 543 3884 recte
580 3827 776 3902 componere
809 3817 1141 3900 saleswicensis
1198 3875 1200 3880 ,

140 3926 218 3988 sint.
238 3959 280 3973 ·-
322 3927 357 3988 In
380 3928 469 3988 omni
486 3927 725 4012 ¹compositione
746 3925 808 3987 tria
834 3937 913 3992 sunt
935 3948 1053 4014 genem
1081 3941 1139 3994 ne-

142 4033 438 4113 cessariapordo,
463 4040 631 4122 junctura,
661 4050 816 4100 numeros·
866 4035 1012 4100 Primum
1041 4033 1141 4120 igitur
1232 4057 1233 4069 ¹

826 4147 828 4151 .
922 4150 941 4210 ὗ
1055 4179 1057 4187 .
