2890 4866
567 403 797 542 ssi
892 533 894 546 .

107 687 184 730 oum
207 665 301 744 aliis,
342 683 426 748 quae
443 672 574 754 constat
590 685 661 726 esse
679 676 834 748 peccata,
864 652 958 744 boc,
987 683 1052 749 quo
1073 663 1113 728 dc

104 760 350 858 quaestinest,
385 785 604 852 comparatur:
635 773 733 835 etita
760 796 819 858 per
844 775 1111 850 contentionem,
1164 855 1170 866 ‚

93 894 234 965 'quanto
255 879 401 944 atrocius
418 891 451 942 et
471 879 638 963 indignius
656 881 700 941 sit
719 880 822 959 illud,
847 903 914 965 quo
935 882 975 949 dfe
992 882 1112 966 agitur,
1193 877 1198 882 “

107 975 305 1053 ostenditur.
347 988 503 1050 Decimus
522 987 634 1066 locus,
667 1011 725 1073 per
745 1011 843 1072 quem
866 973 994 1068 omnia,
1030 1011 1113 1071 quas

107 1097 144 1159 in
159 1098 296 1179 negotio
317 1096 457 1180 gerendo
477 1111 546 1158 octa
564 1108 662 1174 sunt,
688 1081 837 1179 quaeque
853 1106 929 1181 post
947 1097 1114 1178 negotium

109 1217 287 1278 consecuta
312 1214 410 1280 sunt,
441 1226 516 1266 cum
539 1202 802 1287 uniuscujusque
829 1205 1056 1287 indignatione
1076 1198 1111 1267 ct

109 1312 339 1375 criminatione
361 1311 562 1394 colligimus,
586 1324 618 1373 et
638 1335 707 1374 rem
724 1305 832 1374 verbis
854 1335 953 1397 quam
974 1314 1112 1376 maximo
1194 1357 1199 1367 ,

109 1421 321 1483 anteoculos
342 1421 430 1503 ejus,
464 1419 666 1503 apudquem
687 1421 831 1498 dicitur,
866 1421 1042 1506 ponimus,
1077 1433 1123 1489 ut

107 1527 162 1604 id,
178 1529 266 1611 qnod
282 1528 452 1620 indignum
469 1538 519 1588 est
535 1527 672 1610 perinde
690 1527 739 1588 illi
756 1529 907 1590 videatur
924 1529 1114 1611 indignum:

108 1657 148 1696 ac
171 1635 197 1696 si
216 1636 284 1716 ipse
305 1633 493 1698 interfuerit
503 1655 585 1710 ,ac
616 1655 769 1716 praesens
799 1635 928 1696 viderit.
971 1614 1116 1698 Undeci-

109 1763 182 1804 mus
201 1743 294 1804 locus
315 1752 384 1820 est,
407 1739 583 1824 perquem
604 1742 827 1819 ostendimus,
858 1744 898 1804 ab
919 1765 956 1825 eo
977 1727 1113 1822 facturn,

108 1875 128 1912 a
141 1843 223 1934 'quo
242 1853 369 1913 unissime
391 1849 586 1932 oportuerit,
615 1859 647 1912 et
665 1873 682 1910 a
703 1873 789 1934 quo,
824 1851 850 1911 si
865 1852 1093 1954 alinslfaocrot
1104 1899 1113 1930 ,

108 1959 274 2044 prohiberi
308 1961 509 2022 conveniret.
560 1959 782 2023 Duodecimus
820 1959 913 2022 locus
945 1955 1017 2034 est,
1057 1983 1127 2042 per-

110 2089 208 2154 quem
234 2067 461 2150 indignamur,
496 2067 584 2151 quod
606 2069 697 2129 nobis
719 2067 782 2128 hoc
802 2067 913 2148 primis
935 2069 1113 2146 acciderit,

109 2197 172 2236 nec
191 2173 287 2236 alicui
305 2191 453 2256 'unquam
475 2195 536 2234 usu
558 2174 713 2236 evenerit.
735 2157 1040 2235 ‘tertiusdecimus
1064 2175 1115 2236 lo·
1194 2212 1196 2216 .

110 2306 168 2343 cus
192 2295 261 2357 est,
288 2283 315 2343 si
336 2303 411 2344 cum
432 2278 549 2363 injuria
570 2283 759 2344 contumelia
775 2276 887 2366 juncta
909 2281 1115 2344 demonstra·
1174 2355 1176 2364 .

90 2369 183 2466 λ’ῒιιιη
214 2413 273 2474 per
297 2413 395 2474 quem
422 2391 532 2451 locum
562 2393 595 2452 in
624 2391 807 2474 superbiam
836 2399 870 2450 ct
899 2391 1143 2474 arrogantiam,

109 2499 221 2560 odium
249 2499 444 2562 concitatur.
498 2500 792 2579 Quartusdecimus
822 2499 915 2562 loeus
946 2509 1017 2578 est,
1058 2522 1116 2582 per

71 2643 75 2646 -
110 2627 207 2690 quem
230 2608 370 2691 petimus
396 2611 435 2670 ab
458 2611 517 2685 iis,
556 2609 613 2692 qui
635 2607 791 2684 audiunt,
836 2617 874 2678 ut
902 2608 946 2668 cd
971 2631 1044 2668 suas
1067 2629 1116 2668 res

110 2727 238 2778 nostras
259 2715 395 2797 injurias
413 2721 575 2782 referant:
609 2717 634 2776 si
651 2717 691 2776 ad
710 2699 827 2798 pueros
851 2716 1052 2798 pertinebit,
1076 2716 1117 2778 dc

101 2824 219 2884 liberis
238 2823 305 2882 suis
327 2826 488 2906 cogitent:
521 2825 608 2884 siud
628 2825 798 2898 mulieres,
821 2823 1054 2886 densioribus:
1088 2815 1115 2886 si
1199 2829 1205 2838 “

106 2931 147 2989 ad
168 2949 281 3001 senes,
316 2931 355 2990 de
376 2933 521 3012 patribus
542 2942 600 2992 aut
624 2930 824 3010 parentibus.
877 2929 1117 3008 Quintusdeci-

107 3055 179 3096 mus
202 3033 294 3094 lo'cus
313 3048 383 3112 est,
416 3059 473 3119 pcr
499 3059 596 3120 quem
615 3035 774 3111 dicimus,
808 3035 952 3098 inimicis
982 3061 1116 3120 quoquc

107 3153 141 3206 et
162 3141 310 3204 hostibus
335 3165 390 3219 ea,
422 3165 506 3226 quae
525 3143 617 3205 uobis
637 3141 831 3220 acciderint,
854 3144 990 3228 indigna
1011 3145 1124 3221 videri
1197 3135 1206 3156 ’

102 3250 224 3312 solere.
267 3255 310 3314 Et
338 3252 521 3334 indignatio
545 3251 680 3334 'quidem
709 3251 760 3312 bis
785 3253 853 3314 fere
883 3253 922 3312 de
943 3253 1025 3314 locis
1048 3273 1116 3336 gra·

56 3362 58 3372 ’
106 3359 239 3420 vissime
253 3369 415 3422 ,sumerum
435 3397 474 3436 ᾗ-
519 3359 781 3444 [Conquestionz's
799 3371 909 3422 autem
928 3359 1115 3444 hujusmodi

108 3465 261 3526 derebus
278 3479 386 3548 partes
402 3476 513 3548 petere
528 3468 722 3548 oportebit]
758 3453 961 3549 Coriquestio
980 3477 1028 3548 cst
1042 3489 1116 3530 ora-

76 3653 78 3656 ·
98 3573 168 3649 tio,
192 3566 378 3648 auditorum
395 3573 651 3635 misericordium
669 3592 813 3659 captans.
843 3578 879 3636 ln
899 3575 959 3636 hac
973 3555 1114 3657 primum

108 3683 253 3773 animum
285 3683 443 3742 auditoris
478 3682 589 3744 mitem
620 3693 651 3744 et
679 3683 923 3760 misericordem
952 3665 1117 3748 conficere

107 3800 255 3872 oportet,
281 3811 347 3871 quc
367 3791 498 3852 facilius
519 3791 758 3874 conquestione
782 3775 981 3854 commoveri
999 3794 1112 3875 possit.

105 3899 142 3958 ld
160 3897 240 3959 locis
257 3900 486 3960 communibus
502 3899 628 3986 efficere
643 3892 825 3980 optinebit,
848 3921 906 3980 per
925 3923 1008 3984 qiros
1030 3904 1113 3964 Fon·

106 4023 206 4066 runis
230 4007 332 4067 visin
358 3997 470 4070 omncs
485 4029 502 4086 ,‘
525 4017 557 4068 et
581 3995 943 4088 hominumdnfirnrites
965 4009 1112 4071 ostendi-

106 4121 182 4172 tur:
228 4135 292 4198 que
312 4116 471 4197 ⁴oratione
502 4115 612 4182 hahita
648 4117 792 4200 graviter
822 4129 859 4182 ct
887 4119 1109 4196 sententiose,
