<?xml version="1.0" encoding="UTF-8"?>
<!DOCTYPE html PUBLIC "-//W3C//DTD XHTML 1.0 Transitional//EN"
    "http://www.w3.org/TR/xhtml1/DTD/xhtml1-transitional.dtd">
<html xmlns="http://www.w3.org/1999/xhtml" xml:lang="en" lang="en">
 <head>
  <title>
</title>
<meta http-equiv="Content-Type" content="text/html;charset=utf-8" />
  <meta name='ocr-system' content='tesseract 3.04.00' />
  <meta name='ocr-capabilities' content='ocr_page ocr_carea ocr_par ocr_line ocrx_word'/>
</head>
<body>
  <div class='ocr_page' id='page_1' title='image "./aestheticaliter01hillgoog_0462.png"; bbox 0 0 2902 4866; ppageno 0'>
   <div class='ocr_carea' id='block_1_1' title="bbox 824 433 909 511">
    <p class='ocr_par' dir='ltr' id='par_1_1' title="bbox 824 433 909 511">
     <span class='ocr_line' id='line_1_1' title="bbox 824 433 909 511; baseline 0.024 -2"><span class='ocrx_word' id='word_1_1' title='bbox 824 433 909 511; x_wconf 67' lang='lat'><strong>450</strong></span> 
     </span>
    </p>
   </div>
   <div class='ocr_carea' id='block_1_2' title="bbox 251 633 1424 3524">
    <p class='ocr_par' dir='ltr' id='par_1_2' title="bbox 360 633 1379 1362">
     <span class='ocr_line' id='line_1_2' title="bbox 361 633 1378 719; baseline -0.002 -22"><span class='ocrx_word' id='word_1_2' title='bbox 361 634 425 713; x_wconf 86' lang='lat' dir='ltr'><strong>rit,</strong></span> <span class='ocrx_word' id='word_1_3' title='bbox 447 633 534 696; x_wconf 89' lang='lat' dir='ltr'><strong>unde</strong></span> <span class='ocrx_word' id='word_1_4' title='bbox 549 643 715 717; x_wconf 87' lang='lat' dir='ltr'><strong>sumptum</strong></span> <span class='ocrx_word' id='word_1_5' title='bbox 733 634 796 712; x_wconf 89' lang='lat' dir='ltr'><strong>sit,</strong></span> <span class='ocrx_word' id='word_1_6' title='bbox 818 633 909 695; x_wconf 82' lang='lat' dir='ltr'><strong>aliud</strong></span> <span class='ocrx_word' id='word_1_7' title='bbox 925 645 1035 697; x_wconf 85' lang='lat' dir='ltr'><strong>tamen</strong></span> <span class='ocrx_word' id='word_1_8' title='bbox 1058 655 1152 710; x_wconf 85' lang='lat' dir='ltr'><strong>esse,</strong></span> <span class='ocrx_word' id='word_1_9' title='bbox 1179 657 1282 719; x_wconf 87' lang='lat' dir='ltr'><strong>quam</strong></span> <span class='ocrx_word' id='word_1_10' title='bbox 1299 633 1378 695; x_wconf 85' lang='lat' dir='ltr'><strong>unde</strong></span> 
     </span>
     <span class='ocr_line' id='line_1_3' title="bbox 362 725 1377 826; baseline -0.003 -24"><span class='ocrx_word' id='word_1_11' title='bbox 362 750 528 824; x_wconf 87' lang='lat' dir='ltr'><strong>sumptum</strong></span> <span class='ocrx_word' id='word_1_12' title='bbox 552 725 623 818; x_wconf 83' lang='lat' dir='ltr'><strong>est,</strong></span> <span class='ocrx_word' id='word_1_13' title='bbox 655 753 826 826; x_wconf 86' lang='lat' dir='ltr'><strong>appareat;</strong></span> <span class='ocrx_word' id='word_1_14' title='bbox 861 740 948 824; x_wconf 91' lang='lat' dir='ltr'><strong>quod</strong></span> <span class='ocrx_word' id='word_1_15' title='bbox 966 741 997 801; x_wconf 94' lang='lat' dir='ltr'><strong>in</strong></span> <span class='ocrx_word' id='word_1_16' title='bbox 1018 763 1175 825; x_wconf 89' lang='lat' dir='ltr'><strong>corpore</strong></span> <span class='ocrx_word' id='word_1_17' title='bbox 1200 752 1315 805; x_wconf 84' lang='lat' dir='ltr'><strong>nostro</strong></span> <span class='ocrx_word' id='word_1_18' title='bbox 1333 741 1377 802; x_wconf 85' lang='lat' dir='ltr'><strong>ri-</strong></span> 
     </span>
     <span class='ocr_line' id='line_1_4' title="bbox 360 849 1379 932; baseline -0.004 -21"><span class='ocrx_word' id='word_1_19' title='bbox 360 849 474 912; x_wconf 80' lang='lat' dir='ltr'><strong>demus</strong></span> <span class='ocrx_word' id='word_1_20' title='bbox 503 849 575 911; x_wconf 82' lang='lat' dir='ltr'><strong>sine</strong></span> <span class='ocrx_word' id='word_1_21' title='bbox 599 849 668 910; x_wconf 86' lang='lat' dir='ltr'><strong>ulla</strong></span> <span class='ocrx_word' id='word_1_22' title='bbox 692 872 789 932; x_wconf 89' lang='lat' dir='ltr'><strong>opera</strong></span> <span class='ocrx_word' id='word_1_23' title='bbox 815 860 926 912; x_wconf 84' lang='lat' dir='ltr'><strong>nostra</strong></span> <span class='ocrx_word' id='word_1_24' title='bbox 953 853 1065 912; x_wconf 85' lang='lat' dir='ltr'><strong>facere</strong></span> <span class='ocrx_word' id='word_1_25' title='bbox 1103 864 1276 913; x_wconf 85' lang='lat' dir='ltr'><strong>naturam.</strong></span> <span class='ocrx_word' id='word_1_26' title='bbox 1315 849 1379 910; x_wconf 79' lang='lat' dir='ltr'><strong>Ali-</strong></span> 
     </span>
     <span class='ocr_line' id='line_1_5' title="bbox 360 957 1378 1042; baseline -0.003 -22"><span class='ocrx_word' id='word_1_27' title='bbox 360 968 489 1036; x_wconf 83' lang='lat' dir='ltr'><strong>menta,</strong></span> <span class='ocrx_word' id='word_1_28' title='bbox 522 979 606 1041; x_wconf 82' lang='lat' dir='ltr'><strong>quae</strong></span> <span class='ocrx_word' id='word_1_29' title='bbox 634 958 839 1041; x_wconf 82' lang='lat' dir='ltr'><strong>accepimns,</strong></span> <span class='ocrx_word' id='word_1_30' title='bbox 874 957 1030 1040; x_wconf 89' lang='lat' dir='ltr'><strong>quamdiu</strong></span> <span class='ocrx_word' id='word_1_31' title='bbox 1060 958 1100 1019; x_wconf 91' lang='lat' dir='ltr'><strong>in</strong></span> <span class='ocrx_word' id='word_1_32' title='bbox 1131 981 1197 1022; x_wconf 85' lang='lat' dir='ltr'><strong>sua</strong></span> <span class='ocrx_word' id='word_1_33' title='bbox 1225 957 1378 1042; x_wconf 75' lang='lat' dir='ltr'><strong>qualitate</strong></span> 
     </span>
     <span class='ocr_line' id='line_1_6' title="bbox 360 1064 1378 1148; baseline -0.007 -21"><span class='ocrx_word' id='word_1_34' title='bbox 360 1065 558 1148; x_wconf 84' lang='lat' dir='ltr'><strong>perdurant,</strong></span> <span class='ocrx_word' id='word_1_35' title='bbox 583 1073 616 1126; x_wconf 86' lang='lat' dir='ltr'><strong>et</strong></span> <span class='ocrx_word' id='word_1_36' title='bbox 637 1064 740 1130; x_wconf 89' lang='lat' dir='ltr'><strong>solida</strong></span> <span class='ocrx_word' id='word_1_37' title='bbox 761 1067 914 1128; x_wconf 81' lang='lat' dir='ltr'><strong>innatant</strong></span> <span class='ocrx_word' id='word_1_38' title='bbox 936 1065 1141 1144; x_wconf 76' lang='lat' dir='ltr'><strong>stomacho,</strong></span> <span class='ocrx_word' id='word_1_39' title='bbox 1168 1073 1378 1128; x_wconf 81' lang='lat' dir='ltr'><strong>onerarunt:</strong></span> 
     </span>
     <span class='ocr_line' id='line_1_7' title="bbox 361 1171 1378 1256; baseline -0.006 -23"><span class='ocrx_word' id='word_1_40' title='bbox 361 1185 394 1235; x_wconf 91' lang='lat' dir='ltr'><strong>at</strong></span> <span class='ocrx_word' id='word_1_41' title='bbox 413 1197 488 1236; x_wconf 84' lang='lat' dir='ltr'><strong>oum</strong></span> <span class='ocrx_word' id='word_1_42' title='bbox 509 1194 547 1234; x_wconf 87' lang='lat' dir='ltr'><strong>ex</strong></span> <span class='ocrx_word' id='word_1_43' title='bbox 565 1193 614 1249; x_wconf 91' lang='lat' dir='ltr'><strong>eo,</strong></span> <span class='ocrx_word' id='word_1_44' title='bbox 639 1171 728 1256; x_wconf 86' lang='lat' dir='ltr'><strong>qnod</strong></span> <span class='ocrx_word' id='word_1_45' title='bbox 749 1183 1003 1249; x_wconf 83' lang='lat' dir='ltr'><strong>erant,·mutate</strong></span> <span class='ocrx_word' id='word_1_46' title='bbox 1020 1184 1118 1251; x_wconf 81' lang='lat' dir='ltr'><strong>eunt,</strong></span> <span class='ocrx_word' id='word_1_47' title='bbox 1133 1184 1235 1238; x_wconf 83' lang='lat' dir='ltr'><strong>&#39;tune</strong></span> <span class='ocrx_word' id='word_1_48' title='bbox 1256 1173 1378 1234; x_wconf 88' lang='lat' dir='ltr'><strong>demum</strong></span> 
     </span>
     <span class='ocr_line' id='line_1_8' title="bbox 361 1279 1376 1362; baseline -0.004 -22"><span class='ocrx_word' id='word_1_49' title='bbox 361 1281 394 1341; x_wconf 91' lang='lat' dir='ltr'><strong>in</strong></span> <span class='ocrx_word' id='word_1_50' title='bbox 424 1282 510 1342; x_wconf 78' lang='lat' dir='ltr'><strong>uires</strong></span> <span class='ocrx_word' id='word_1_51' title='bbox 544 1292 576 1342; x_wconf 88' lang='lat' dir='ltr'><strong>et</strong></span> <span class='ocrx_word' id='word_1_52' title='bbox 605 1279 639 1341; x_wconf 88' lang='lat' dir='ltr'><strong>iu</strong></span> <span class='ocrx_word' id='word_1_53' title='bbox 670 1281 861 1362; x_wconf 80' lang='lat' dir='ltr'><strong>sanguinem</strong></span> <span class='ocrx_word' id='word_1_54' title='bbox 890 1289 1075 1343; x_wconf 85' lang='lat' dir='ltr'><strong>transeunt.</strong></span> <span class='ocrx_word' id='word_1_55' title='bbox 1126 1281 1225 1344; x_wconf 84' lang='lat' dir='ltr'><strong>Idem</strong></span> <span class='ocrx_word' id='word_1_56' title='bbox 1254 1282 1287 1340; x_wconf 90' lang='lat' dir='ltr'><strong>in</strong></span> <span class='ocrx_word' id='word_1_57' title='bbox 1312 1280 1376 1352; x_wconf 86' lang='lat' dir='ltr'><strong>lris,</strong></span> 
     </span>
    </p>

    <p class='ocr_par' dir='ltr' id='par_1_3' title="bbox 256 1386 1378 2337">
     <span class='ocr_line' id='line_1_9' title="bbox 256 1386 1378 1474; baseline -0.004 -28"><span class='ocrx_word' id='word_1_58' title='bbox 256 1467 260 1474; x_wconf 21' lang='grc' dir='ltr'><strong>μ</strong></span> <span class='ocrx_word' id='word_1_59' title='bbox 359 1386 476 1470; x_wconf 88' lang='lat' dir='ltr'><strong>quibus</strong></span> <span class='ocrx_word' id='word_1_60' title='bbox 501 1387 636 1448; x_wconf 86' lang='lat' dir='ltr'><strong>aluntur</strong></span> <span class='ocrx_word' id='word_1_61' title='bbox 650 1387 802 1468; x_wconf 74' lang='lat' dir='ltr'><strong>ingenia,</strong></span> <span class='ocrx_word' id='word_1_62' title='bbox 825 1398 1044 1472; x_wconf 78' lang='lat' dir='ltr'><strong>praestemus:</strong></span> <span class='ocrx_word' id='word_1_63' title='bbox 1069 1399 1123 1467; x_wconf 88' lang='lat' dir='ltr'><strong>ut,</strong></span> <span class='ocrx_word' id='word_1_64' title='bbox 1149 1403 1378 1472; x_wconf 83' lang='lat' dir='ltr'><strong>quaecumque</strong></span> 
     </span>
     <span class='ocr_line' id='line_1_10' title="bbox 358 1471 1376 1580; baseline -0.006 -24"><span class='ocrx_word' id='word_1_65' title='bbox 358 1495 548 1572; x_wconf 79' lang='lat' dir='ltr'><strong>hausimus,</strong></span> <span class='ocrx_word' id='word_1_66' title='bbox 576 1517 641 1556; x_wconf 92' lang='lat' dir='ltr'><strong>nou</strong></span> <span class='ocrx_word' id='word_1_67' title='bbox 663 1471 826 1580; x_wconf 76' lang='lat' dir='ltr'><strong>patiamur</strong></span> <span class='ocrx_word' id='word_1_68' title='bbox 844 1497 970 1578; x_wconf 82' lang='lat' dir='ltr'><strong>integra</strong></span> <span class='ocrx_word' id='word_1_69' title='bbox 988 1518 1081 1574; x_wconf 82' lang='lat' dir='ltr'><strong>esse,</strong></span> <span class='ocrx_word' id='word_1_70' title='bbox 1109 1519 1156 1560; x_wconf 91' lang='lat' dir='ltr'><strong>ne</strong></span> <span class='ocrx_word' id='word_1_71' title='bbox 1174 1498 1290 1558; x_wconf 80' lang='lat' dir='ltr'><strong>aliena</strong></span> <span class='ocrx_word' id='word_1_72' title='bbox 1309 1493 1376 1553; x_wconf 84' lang='lat' dir='ltr'><strong>sint</strong></span> 
     </span>
     <span class='ocr_line' id='line_1_11' title="bbox 359 1603 1374 1688; baseline -0.008 -22"><span class='ocrx_word' id='word_1_73' title='bbox 359 1603 612 1686; x_wconf 85' lang='lat' dir='ltr'><strong>Concoquamus</strong></span> <span class='ocrx_word' id='word_1_74' title='bbox 636 1603 708 1666; x_wconf 87' lang='lat' dir='ltr'><strong>illa:</strong></span> <span class='ocrx_word' id='word_1_75' title='bbox 733 1605 928 1688; x_wconf 88' lang='lat' dir='ltr'><strong>alioquinin</strong></span> <span class='ocrx_word' id='word_1_76' title='bbox 948 1605 1146 1667; x_wconf 88' lang='lat' dir='ltr'><strong>memoriam</strong></span> <span class='ocrx_word' id='word_1_77' title='bbox 1165 1605 1293 1680; x_wconf 85' lang='lat' dir='ltr'><strong>ibunt,</strong></span> <span class='ocrx_word' id='word_1_78' title='bbox 1316 1619 1374 1660; x_wconf 89' lang='lat' dir='ltr'><strong>nou</strong></span> 
     </span>
     <span class='ocr_line' id='line_1_12' title="bbox 359 1712 1373 1796; baseline -0.008 -23"><span class='ocrx_word' id='word_1_79' title='bbox 359 1712 394 1774; x_wconf 90' lang='lat' dir='ltr'><strong>in</strong></span> <span class='ocrx_word' id='word_1_80' title='bbox 422 1713 600 1796; x_wconf 79' lang='lat' dir='ltr'><strong>ingenium.</strong></span> <span class='ocrx_word' id='word_1_81' title='bbox 652 1713 967 1777; x_wconf 72' lang='lat' dir='ltr'><strong>Assentiamurillis</strong></span> <span class='ocrx_word' id='word_1_82' title='bbox 993 1713 1162 1792; x_wconf 82' lang='lat' dir='ltr'><strong>fideliter,</strong></span> <span class='ocrx_word' id='word_1_83' title='bbox 1201 1725 1237 1774; x_wconf 91' lang='lat' dir='ltr'><strong>et</strong></span> <span class='ocrx_word' id='word_1_84' title='bbox 1267 1718 1373 1771; x_wconf 86' lang='lat' dir='ltr'><strong>nostra</strong></span> 
     </span>
     <span class='ocr_line' id='line_1_13' title="bbox 358 1817 1373 1912; baseline -0.01 -28"><span class='ocrx_word' id='word_1_85' title='bbox 358 1822 539 1912; x_wconf 77' lang='lat' dir='ltr'><strong>faciamus,</strong></span> <span class='ocrx_word' id='word_1_86' title='bbox 573 1835 610 1886; x_wconf 86' lang='lat' dir='ltr'><strong>ut</strong></span> <span class='ocrx_word' id='word_1_87' title='bbox 636 1843 740 1883; x_wconf 91' lang='lat' dir='ltr'><strong>unum</strong></span> <span class='ocrx_word' id='word_1_88' title='bbox 770 1820 926 1904; x_wconf 88' lang='lat' dir='ltr'><strong>quiddam</strong></span> <span class='ocrx_word' id='word_1_89' title='bbox 952 1821 1010 1884; x_wconf 84' lang='lat' dir='ltr'><strong>liat</strong></span> <span class='ocrx_word' id='word_1_90' title='bbox 1041 1842 1080 1883; x_wconf 85' lang='lat' dir='ltr'><strong>ex</strong></span> <span class='ocrx_word' id='word_1_91' title='bbox 1115 1820 1260 1884; x_wconf 85' lang='lat' dir='ltr'><strong>multis:</strong></span> <span class='ocrx_word' id='word_1_92' title='bbox 1294 1817 1373 1876; x_wconf 85' lang='lat' dir='ltr'><strong>sieut</strong></span> 
     </span>
     <span class='ocr_line' id='line_1_14' title="bbox 360 1929 1371 2013; baseline -0.007 -23"><span class='ocrx_word' id='word_1_93' title='bbox 360 1951 446 1992; x_wconf 81' lang='lat' dir='ltr'><strong>uuus</strong></span> <span class='ocrx_word' id='word_1_94' title='bbox 474 1951 629 1992; x_wconf 83' lang='lat' dir='ltr'><strong>numerus</strong></span> <span class='ocrx_word' id='word_1_95' title='bbox 653 1931 689 1991; x_wconf 90' lang='lat' dir='ltr'><strong>lit</strong></span> <span class='ocrx_word' id='word_1_96' title='bbox 712 1951 750 1991; x_wconf 83' lang='lat' dir='ltr'><strong>ex</strong></span> <span class='ocrx_word' id='word_1_97' title='bbox 771 1929 927 2013; x_wconf 82' lang='lat' dir='ltr'><strong>singulis,</strong></span> <span class='ocrx_word' id='word_1_98' title='bbox 962 1951 1036 1990; x_wconf 88' lang='lat' dir='ltr'><strong>cum</strong></span> <span class='ocrx_word' id='word_1_99' title='bbox 1059 1929 1215 1991; x_wconf 87' lang='lat' dir='ltr'><strong>minores</strong></span> <span class='ocrx_word' id='word_1_100' title='bbox 1234 1939 1371 1988; x_wconf 76' lang='lat' dir='ltr'><strong>summat</strong></span> 
     </span>
     <span class='ocr_line' id='line_1_15' title="bbox 361 2031 1368 2121; baseline -0.008 -21"><span class='ocrx_word' id='word_1_101' title='bbox 361 2047 394 2100; x_wconf 88' lang='lat' dir='ltr'><strong>et</strong></span> <span class='ocrx_word' id='word_1_102' title='bbox 425 2031 620 2102; x_wconf 70' lang='lat' dir='ltr'><strong>dissidentes</strong></span> <span class='ocrx_word' id='word_1_103' title='bbox 652 2038 852 2121; x_wconf 87' lang='lat' dir='ltr'><strong>computatio</strong></span> <span class='ocrx_word' id='word_1_104' title='bbox 887 2059 951 2098; x_wconf 82' lang='lat' dir='ltr'><strong>una</strong></span> <span class='ocrx_word' id='word_1_105' title='bbox 985 2037 1257 2118; x_wconf 80' lang='lat' dir='ltr'><strong>comprehendit.</strong></span> <span class='ocrx_word' id='word_1_106' title='bbox 1306 2035 1368 2092; x_wconf 88' lang='lat' dir='ltr'><strong>Hoc</strong></span> 
     </span>
     <span class='ocr_line' id='line_1_16' title="bbox 360 2138 1370 2227; baseline -0.007 -19"><span class='ocrx_word' id='word_1_107' title='bbox 360 2147 460 2208; x_wconf 78' lang='lat' dir='ltr'><strong>faeiat</strong></span> <span class='ocrx_word' id='word_1_108' title='bbox 474 2148 603 2211; x_wconf 77' lang='lat' dir='ltr'><strong>animus</strong></span> <span class='ocrx_word' id='word_1_109' title='bbox 624 2155 754 2218; x_wconf 87' lang='lat' dir='ltr'><strong>noster;</strong></span> <span class='ocrx_word' id='word_1_110' title='bbox 779 2145 907 2220; x_wconf 84' lang='lat' dir='ltr'><strong>omnia,</strong></span> <span class='ocrx_word' id='word_1_111' title='bbox 932 2143 1051 2227; x_wconf 86' lang='lat' dir='ltr'><strong>quibus</strong></span> <span class='ocrx_word' id='word_1_112' title='bbox 1066 2154 1117 2205; x_wconf 84' lang='lat' dir='ltr'><strong>est</strong></span> <span class='ocrx_word' id='word_1_113' title='bbox 1134 2143 1297 2226; x_wconf 87' lang='lat' dir='ltr'><strong>adjutus,</strong></span> <span class='ocrx_word' id='word_1_114' title='bbox 1321 2138 1370 2196; x_wconf 79' lang='lat' dir='ltr'><strong>ab·</strong></span> 
     </span>
     <span class='ocr_line' id='line_1_17' title="bbox 360 2242 1366 2337; baseline -0.01 -21"><span class='ocrx_word' id='word_1_115' title='bbox 360 2255 511 2316; x_wconf 85' lang='lat' dir='ltr'><strong>scondat:</strong></span> <span class='ocrx_word' id='word_1_116' title='bbox 536 2255 642 2337; x_wconf 88' lang='lat' dir='ltr'><strong>ipsum</strong></span> <span class='ocrx_word' id='word_1_117' title='bbox 656 2263 783 2315; x_wconf 85' lang='lat' dir='ltr'><strong>tanturn</strong></span> <span class='ocrx_word' id='word_1_118' title='bbox 797 2251 961 2329; x_wconf 82' lang='lat' dir='ltr'><strong>ostendat,</strong></span> <span class='ocrx_word' id='word_1_119' title='bbox 980 2252 1069 2334; x_wconf 91' lang='lat' dir='ltr'><strong>quod</strong></span> <span class='ocrx_word' id='word_1_120' title='bbox 1084 2247 1209 2314; x_wconf 81' lang='lat' dir='ltr'><strong>effecit.</strong></span> <span class='ocrx_word' id='word_1_121' title='bbox 1235 2242 1366 2312; x_wconf 82' lang='lat' dir='ltr'><strong>Etiamsi</strong></span> 
     </span>
    </p>

    <p class='ocr_par' dir='ltr' id='par_1_4' title="bbox 313 2353 1367 2988">
     <span class='ocr_line' id='line_1_18' title="bbox 313 2353 1367 2444; baseline -0.008 -24"><span class='ocrx_word' id='word_1_122' title='bbox 313 2397 316 2402; x_wconf 90' lang='lat'>·</span> <span class='ocrx_word' id='word_1_123' title='bbox 361 2359 498 2444; x_wconf 85' lang='lat' dir='ltr'><strong>alicujus</strong></span> <span class='ocrx_word' id='word_1_124' title='bbox 517 2364 550 2423; x_wconf 93' lang='lat' dir='ltr'><strong>in</strong></span> <span class='ocrx_word' id='word_1_125' title='bbox 574 2373 606 2424; x_wconf 91' lang='lat' dir='ltr'><strong>te</strong></span> <span class='ocrx_word' id='word_1_126' title='bbox 627 2359 828 2444; x_wconf 84' lang='lat' dir='ltr'><strong>comparebit</strong></span> <span class='ocrx_word' id='word_1_127' title='bbox 848 2358 1049 2437; x_wconf 79' lang='lat' dir='ltr'><strong>similitudo,</strong></span> <span class='ocrx_word' id='word_1_128' title='bbox 1073 2361 1177 2442; x_wconf 75' lang='lat' dir='ltr'><strong>quern</strong></span> <span class='ocrx_word' id='word_1_129' title='bbox 1200 2353 1367 2420; x_wconf 86' lang='lat' dir='ltr'><strong>admiratio</strong></span> 
     </span>
     <span class='ocr_line' id='line_1_19' title="bbox 360 2459 1366 2552; baseline -0.011 -20"><span class='ocrx_word' id='word_1_130' title='bbox 360 2469 420 2532; x_wconf 86' lang='lat' dir='ltr'><strong>tibi</strong></span> <span class='ocrx_word' id='word_1_131' title='bbox 452 2469 551 2532; x_wconf 83' lang='lat' dir='ltr'><strong>altius</strong></span> <span class='ocrx_word' id='word_1_132' title='bbox 587 2469 710 2531; x_wconf 75' lang='lat' dir='ltr'><strong>fixerit:</strong></span> <span class='ocrx_word' id='word_1_133' title='bbox 749 2469 889 2531; x_wconf 81' lang='lat' dir='ltr'><strong>similem</strong></span> <span class='ocrx_word' id='word_1_134' title='bbox 923 2489 995 2530; x_wconf 86' lang='lat' dir='ltr'><strong>esse</strong></span> <span class='ocrx_word' id='word_1_135' title='bbox 1025 2477 1058 2529; x_wconf 86' lang='lat' dir='ltr'><strong>te</strong></span> <span class='ocrx_word' id='word_1_136' title='bbox 1088 2469 1167 2530; x_wconf 81' lang='lat' dir='ltr'><strong>volo</strong></span> <span class='ocrx_word' id='word_1_137' title='bbox 1204 2459 1366 2552; x_wconf 87' lang='lat' dir='ltr'><strong>quomodo</strong></span> 
     </span>
     <span class='ocr_line' id='line_1_20' title="bbox 362 2575 1366 2658; baseline -0.007 -21"><span class='ocrx_word' id='word_1_138' title='bbox 362 2575 488 2653; x_wconf 85' lang='lat' dir='ltr'><strong>lilium,</strong></span> <span class='ocrx_word' id='word_1_139' title='bbox 512 2581 577 2637; x_wconf 87' lang='lat' dir='ltr'><strong>non</strong></span> <span class='ocrx_word' id='word_1_140' title='bbox 600 2575 764 2658; x_wconf 88' lang='lat' dir='ltr'><strong>quomodo</strong></span> <span class='ocrx_word' id='word_1_141' title='bbox 785 2575 967 2658; x_wconf 79' lang='lat' dir='ltr'><strong>imaginem.</strong></span> <span class='ocrx_word' id='word_1_142' title='bbox 1011 2578 1140 2658; x_wconf 69' lang='lat' dir='ltr'><strong>Imago,</strong></span> <span class='ocrx_word' id='word_1_143' title='bbox 1165 2597 1222 2638; x_wconf 87' lang='lat' dir='ltr'><strong>res</strong></span> <span class='ocrx_word' id='word_1_144' title='bbox 1243 2581 1366 2634; x_wconf 81' lang='lat' dir='ltr'><strong>mortua</strong></span> 
     </span>
     <span class='ocr_line' id='line_1_21' title="bbox 361 2681 1365 2766; baseline -0.01 -20"><span class='ocrx_word' id='word_1_145' title='bbox 361 2695 421 2746; x_wconf 86' lang='lat' dir='ltr'><strong>est.</strong></span> <span class='ocrx_word' id='word_1_146' title='bbox 465 2681 554 2761; x_wconf 87' lang='lat' dir='ltr'><strong>Quid</strong></span> <span class='ocrx_word' id='word_1_147' title='bbox 571 2685 666 2765; x_wconf 80' lang='lat' dir='ltr'><strong>ergo?</strong></span> <span class='ocrx_word' id='word_1_148' title='bbox 689 2705 755 2745; x_wconf 89' lang='lat' dir='ltr'><strong>uon</strong></span> <span class='ocrx_word' id='word_1_149' title='bbox 775 2682 997 2766; x_wconf 79' lang='lat' dir='ltr'><strong>intelligetur,</strong></span> <span class='ocrx_word' id='word_1_150' title='bbox 1023 2683 1117 2766; x_wconf 89' lang='lat' dir='ltr'><strong>cujus</strong></span> <span class='ocrx_word' id='word_1_151' title='bbox 1137 2683 1283 2744; x_wconf 87' lang='lat' dir='ltr'><strong>imiteris</strong></span> <span class='ocrx_word' id='word_1_152' title='bbox 1293 2693 1365 2740; x_wconf 70' lang='lat' dir='ltr'><strong>,ora-</strong></span> 
     </span>
     <span class='ocr_line' id='line_1_22' title="bbox 361 2781 1364 2883; baseline -0.002 -31"><span class='ocrx_word' id='word_1_153' title='bbox 361 2791 508 2852; x_wconf 77' lang='lat' dir='ltr'><strong>tionem?</strong></span> <span class='ocrx_word' id='word_1_154' title='bbox 547 2789 640 2876; x_wconf 88' lang='lat' dir='ltr'><strong>cnjus</strong></span> <span class='ocrx_word' id='word_1_155' title='bbox 667 2789 1003 2883; x_wconf 67' lang='lat' dir='ltr'><strong>argumentationem?</strong></span> <span class='ocrx_word' id='word_1_156' title='bbox 1037 2787 1130 2874; x_wconf 86' lang='lat' dir='ltr'><strong>eujus</strong></span> <span class='ocrx_word' id='word_1_157' title='bbox 1159 2781 1364 2856; x_wconf 79' lang='lat' dir='ltr'><strong>sententias?</strong></span> 
     </span>
     <span class='ocr_line' id='line_1_23' title="bbox 362 2887 1363 2988; baseline -0.009 -26"><span class='ocrx_word' id='word_1_158' title='bbox 362 2899 454 2962; x_wconf 86' lang='lat' dir='ltr'><strong>Puto&#39;</strong></span> <span class='ocrx_word' id='word_1_159' title='bbox 478 2899 654 2988; x_wconf 77' lang='lat' dir='ltr'><strong>aliquando</strong></span> <span class='ocrx_word' id='word_1_160' title='bbox 682 2922 723 2963; x_wconf 90' lang='lat' dir='ltr'><strong>ne</strong></span> <span class='ocrx_word' id='word_1_161' title='bbox 749 2899 886 2984; x_wconf 79' lang='lat' dir='ltr'><strong>intelligi</strong></span> <span class='ocrx_word' id='word_1_162' title='bbox 910 2899 1041 2982; x_wconf 86' lang='lat' dir='ltr'><strong>quidem</strong></span> <span class='ocrx_word' id='word_1_163' title='bbox 1067 2921 1180 2983; x_wconf 85' lang='lat' dir='ltr'><strong>posse,</strong></span> <span class='ocrx_word' id='word_1_164' title='bbox 1212 2901 1240 2961; x_wconf 87' lang='lat' dir='ltr'><strong>si</strong></span> <span class='ocrx_word' id='word_1_165' title='bbox 1261 2887 1363 2976; x_wconf 74' lang='lat' dir='ltr'><strong>magni</strong></span> 
     </span>
    </p>

    <p class='ocr_par' dir='ltr' id='par_1_5' title="bbox 251 2991 1424 3200">
     <span class='ocr_line' id='line_1_24' title="bbox 251 2991 1424 3096; baseline -0.006 -27"><span class='ocrx_word' id='word_1_166' title='bbox 251 3000 254 3011; x_wconf 59' lang='lat'><strong><em>¹</em></strong></span> <span class='ocrx_word' id='word_1_167' title='bbox 363 3007 445 3069; x_wconf 68' lang='lat' dir='ltr'><strong>viris</strong></span> <span class='ocrx_word' id='word_1_168' title='bbox 465 3027 526 3070; x_wconf 88' lang='lat' dir='ltr'><strong>nee</strong></span> <span class='ocrx_word' id='word_1_169' title='bbox 545 3007 812 3083; x_wconf 82' lang='lat' dir='ltr'><strong>enimomnibus,</strong></span> <span class='ocrx_word' id='word_1_170' title='bbox 835 3029 973 3091; x_wconf 85' lang='lat' dir='ltr'><strong>quaeex</strong></span> <span class='ocrx_word' id='word_1_171' title='bbox 994 3030 1127 3092; x_wconf 90' lang='lat' dir='ltr'><strong>quoque</strong></span> <span class='ocrx_word' id='word_1_172' title='bbox 1146 2991 1243 3071; x_wconf 71' lang='lat' dir='ltr'><strong>velu&#39;t</strong></span> <span class='ocrx_word' id='word_1_173' title='bbox 1262 3021 1362 3066; x_wconf 85' lang='lat' dir='ltr'><strong>exem·</strong></span> <span class='ocrx_word' id='word_1_174' title='bbox 1423 3089 1424 3096; x_wconf 8' lang='grc' dir='ltr'>ἵ</span> 
     </span>
     <span class='ocr_line' id='line_1_25' title="bbox 361 3096 1424 3200; baseline -0.009 -24"><span class='ocrx_word' id='word_1_175' title='bbox 361 3115 466 3200; x_wconf 79' lang='lat' dir='ltr'><strong>pluria</strong></span> <span class='ocrx_word' id='word_1_176' title='bbox 488 3117 605 3192; x_wconf 81' lang='lat' dir='ltr'><strong>traxit,</strong></span> <span class='ocrx_word' id='word_1_177' title='bbox 627 3096 763 3178; x_wconf 75' lang='lat' dir='ltr'><strong>formam</strong></span> <span class='ocrx_word' id='word_1_178' title='bbox 780 3137 870 3178; x_wconf 88' lang='lat' dir='ltr'><strong>suam</strong></span> <span class='ocrx_word' id='word_1_179' title='bbox 890 3115 1070 3198; x_wconf 89' lang='lat' dir='ltr'><strong>impressit,</strong></span> <span class='ocrx_word' id='word_1_180' title='bbox 1095 3116 1183 3178; x_wconf 87' lang='lat' dir='ltr'><strong>utin</strong></span> <span class='ocrx_word' id='word_1_181' title='bbox 1204 3112 1361 3176; x_wconf 87' lang='lat' dir='ltr'><strong>unitatem</strong></span> <span class='ocrx_word' id='word_1_182' title='bbox 1423 3181 1424 3184; x_wconf 7' lang='grc' dir='ltr'><strong>Ἴ</strong></span> 
     </span>
    </p>

    <p class='ocr_par' dir='ltr' id='par_1_6' title="bbox 364 3199 1424 3308">
     <span class='ocr_line' id='line_1_26' title="bbox 364 3199 1424 3308; baseline -0.006 -25"><span class='ocrx_word' id='word_1_183' title='bbox 364 3223 454 3284; x_wconf 87' lang='lat' dir='ltr'><strong>illum</strong></span> <span class='ocrx_word' id='word_1_184' title='bbox 473 3233 669 3308; x_wconf 87' lang='lat' dir='ltr'><strong>competant.</strong></span> <span class='ocrx_word' id='word_1_185' title='bbox 712 3225 784 3286; x_wconf 82' lang='lat' dir='ltr'><strong>Non</strong></span> <span class='ocrx_word' id='word_1_186' title='bbox 804 3223 896 3303; x_wconf 83' lang='lat' dir='ltr'><strong>vides</strong></span> <span class='ocrx_word' id='word_1_187' title='bbox 916 3245 1013 3305; x_wconf 87' lang='lat' dir='ltr'><strong>quam</strong></span> <span class='ocrx_word' id='word_1_188' title='bbox 1030 3225 1210 3286; x_wconf 67' lang='lat' dir='ltr'><strong>multorum</strong></span> <span class='ocrx_word' id='word_1_189' title='bbox 1229 3217 1358 3282; x_wconf 79' lang='lat' dir='ltr'><strong>vocibus</strong></span> <span class='ocrx_word' id='word_1_190' title='bbox 1423 3199 1424 3270; x_wconf 87' lang='lat' dir='ltr'><strong>l</strong></span> 
     </span>
    </p>

    <p class='ocr_par' dir='ltr' id='par_1_7' title="bbox 292 3275 1424 3395">
     <span class='ocr_line' id='line_1_27' title="bbox 292 3320 1360 3395; baseline -0.01 0"><span class='ocrx_word' id='word_1_191' title='bbox 292 3355 297 3362; x_wconf 91' lang='lat'>·</span> <span class='ocrx_word' id='word_1_192' title='bbox 365 3331 484 3395; x_wconf 80' lang='lat' dir='ltr'><strong>chorus</strong></span> <span class='ocrx_word' id='word_1_193' title='bbox 510 3332 661 3394; x_wconf 77' lang='lat' dir='ltr'><strong>constet?</strong></span> <span class='ocrx_word' id='word_1_194' title='bbox 691 3351 776 3392; x_wconf 85' lang='lat' dir='ltr'><strong>unus</strong></span> <span class='ocrx_word' id='word_1_195' title='bbox 802 3341 910 3392; x_wconf 88' lang='lat' dir='ltr'><strong>tamen</strong></span> <span class='ocrx_word' id='word_1_196' title='bbox 938 3353 976 3393; x_wconf 85' lang='lat' dir='ltr'><strong>ex</strong></span> <span class='ocrx_word' id='word_1_197' title='bbox 996 3332 1148 3394; x_wconf 85' lang='lat' dir='ltr'><strong>omnibus</strong></span> <span class='ocrx_word' id='word_1_198' title='bbox 1170 3351 1272 3394; x_wconf 87' lang='lat' dir='ltr'><strong>sonus</strong></span> <span class='ocrx_word' id='word_1_199' title='bbox 1292 3320 1360 3386; x_wconf 88' lang='lat' dir='ltr'><strong>red·</strong></span> 
     </span>
    </p>

    <p class='ocr_par' dir='ltr' id='par_1_8' title="bbox 364 3435 1357 3524">
     <span class='ocr_line' id='line_1_28' title="bbox 364 3435 1357 3524; baseline -0.006 -24"><span class='ocrx_word' id='word_1_200' title='bbox 364 3441 473 3518; x_wconf 77' lang='lat' dir='ltr'><strong>ditur,</strong></span> <span class='ocrx_word' id='word_1_201' title='bbox 510 3439 615 3523; x_wconf 82' lang='lat' dir='ltr'><strong>eliqua</strong></span> <span class='ocrx_word' id='word_1_202' title='bbox 641 3435 709 3499; x_wconf 86' lang='lat' dir='ltr'><strong>illic</strong></span> <span class='ocrx_word' id='word_1_203' title='bbox 733 3451 829 3502; x_wconf 84' lang='lat' dir='ltr'><strong>acuta</strong></span> <span class='ocrx_word' id='word_1_204' title='bbox 856 3450 924 3518; x_wconf 87' lang='lat' dir='ltr'><strong>est,</strong></span> <span class='ocrx_word' id='word_1_205' title='bbox 958 3440 1065 3524; x_wconf 89' lang='lat' dir='ltr'><strong>aliqua</strong></span> <span class='ocrx_word' id='word_1_206' title='bbox 1094 3442 1220 3524; x_wconf 80' lang='lat' dir='ltr'><strong>gravis,</strong></span> <span class='ocrx_word' id='word_1_207' title='bbox 1256 3437 1357 3514; x_wconf 75' lang='lat' dir='ltr'><strong>aliqua</strong></span> 
     </span>
    </p>
   </div>
   <div class='ocr_carea' id='block_1_3' title="bbox 365 3545 1423 3631">
    <p class='ocr_par' dir='ltr' id='par_1_9' title="bbox 365 3545 1423 3631">
     <span class='ocr_line' id='line_1_29' title="bbox 365 3545 1423 3631; baseline -0.008 -23"><span class='ocrx_word' id='word_1_208' title='bbox 365 3547 486 3621; x_wconf 88' lang='lat' dir='ltr'><strong>media;</strong></span> <span class='ocrx_word' id='word_1_209' title='bbox 510 3546 717 3610; x_wconf 81' lang='lat' dir='ltr'><strong>accedunt</strong></span> <span class='ocrx_word' id='word_1_210' title='bbox 687 3547 951 3644; x_wconf 77' lang='lat' dir='ltr'><strong>vrrisfaeminae,</strong></span> <span class='ocrx_word' id='word_1_211' title='bbox 975 3549 1235 3631; x_wconf 83' lang='lat' dir='ltr'><strong>interponuntur</strong></span> <span class='ocrx_word' id='word_1_212' title='bbox 1247 3545 1357 3610; x_wconf 78' lang='lat' dir='ltr'><strong>tibiae</strong></span> <span class='ocrx_word' id='word_1_213' title='bbox 1422 3611 1423 3618; x_wconf 8' lang='grc' dir='ltr'>ἵ</span> 
     </span>
    </p>
   </div>
   <div class='ocr_carea' id='block_1_4' title="bbox 365 3635 1356 3745">
    <p class='ocr_par' dir='ltr' id='par_1_10' title="bbox 365 3631 1423 3780">
     <span class='ocr_line' id='line_1_30' title="bbox 365 3635 1356 3745; baseline 0.003 -31"><span class='ocrx_word' id='word_1_214' title='bbox 365 3655 570 3738; x_wconf 75' lang='lat' dir='ltr'><strong>singulorum</strong></span> <span class='ocrx_word' id='word_1_215' title='bbox 589 3655 657 3717; x_wconf 86' lang='lat' dir='ltr'><strong>illic</strong></span> <span class='ocrx_word' id='word_1_216' title='bbox 677 3654 781 3745; x_wconf 81' lang='lat' dir='ltr'><strong>latent</strong></span> <span class='ocrx_word' id='word_1_217' title='bbox 799 3677 916 3734; x_wconf 81' lang='lat' dir='ltr'><strong>voees,</strong></span> <span class='ocrx_word' id='word_1_218' title='bbox 941 3658 1084 3720; x_wconf 87' lang='lat' dir='ltr'><strong>omniurn</strong></span> <span class='ocrx_word' id='word_1_219' title='bbox 1104 3635 1271 3744; x_wconf 87' lang='lat' dir='ltr'><strong>apparent</strong></span> <span class='ocrx_word' id='word_1_220' title='bbox 1313 3649 1356 3708; x_wconf 78' lang='lat' dir='ltr'><strong>De</strong></span> 
     </span>
    </p>
   </div>
   <div class='ocr_carea' id='block_1_5' title="bbox 365 3757 1423 3871">
    <p class='ocr_par' dir='ltr' id='par_1_11' title="bbox 365 3757 1423 3871">
     <span class='ocr_line' id='line_1_31' title="bbox 365 3757 1423 3871; baseline 0.002 -48"><span class='ocrx_word' id='word_1_221' title='bbox 365 3763 466 3824; x_wconf 82' lang='lat' dir='ltr'><strong>choro</strong></span> <span class='ocrx_word' id='word_1_222' title='bbox 489 3763 581 3839; x_wconf 92' lang='lat' dir='ltr'><strong>dico,</strong></span> <span class='ocrx_word' id='word_1_223' title='bbox 605 3787 703 3846; x_wconf 90' lang='lat' dir='ltr'><strong>quem</strong></span> <span class='ocrx_word' id='word_1_224' title='bbox 720 3776 846 3828; x_wconf 87' lang='lat' dir='ltr'><strong>veteres</strong></span> <span class='ocrx_word' id='word_1_225' title='bbox 863 3763 1045 3849; x_wconf 74' lang='lat' dir='ltr'><strong>philosophi</strong></span> <span class='ocrx_word' id='word_1_226' title='bbox 1063 3777 1223 3830; x_wconf 77' lang='lat' dir='ltr'><strong>noverunt</strong></span> <span class='ocrx_word' id='word_1_227' title='bbox 1245 3768 1281 3842; x_wconf 72' lang='lat'><strong>⁸.)</strong></span> <span class='ocrx_word' id='word_1_228' title='bbox 1323 3757 1355 3818; x_wconf 77' lang='lat'><strong>1⁰</strong></span> <span class='ocrx_word' id='word_1_229' title='bbox 1422 3785 1423 3871; x_wconf 56' lang='lat' dir='ltr'><strong>p</strong></span> 
     </span>
    </p>
   </div>
   <div class='ocr_carea' id='block_1_6' title="bbox 369 3901 724 3918">
    <p class='ocr_par' dir='ltr' id='par_1_12' title="bbox 369 3901 724 3918">
     <span class='ocr_line' id='line_1_32' title="bbox 369 3901 724 3918; baseline 0 -4"><span class='ocrx_word' id='word_1_230' title='bbox 369 3901 724 3918; x_wconf 52' lang='lat' dir='ltr'><strong>W*</strong></span> 
     </span>
    </p>
   </div>
   <div class='ocr_carea' id='block_1_7' title="bbox 405 3988 1354 4168">
    <p class='ocr_par' dir='ltr' id='par_1_13' title="bbox 405 3988 1354 4168">
     <span class='ocr_line' id='line_1_33' title="bbox 405 3988 1353 4069; baseline -0.005 -19"><span class='ocrx_word' id='word_1_231' title='bbox 405 3996 431 4068; x_wconf 78' lang='lat'><strong>*)</strong></span> <span class='ocrx_word' id='word_1_232' title='bbox 452 3998 497 4050; x_wconf 84' lang='lat' dir='ltr'><strong>De</strong></span> <span class='ocrx_word' id='word_1_233' title='bbox 512 3995 596 4051; x_wconf 75' lang='lat' dir='ltr'><strong>choro</strong></span> <span class='ocrx_word' id='word_1_234' title='bbox 610 3999 663 4064; x_wconf 81' lang='lat' dir='ltr'><strong>jam</strong></span> <span class='ocrx_word' id='word_1_235' title='bbox 678 4015 759 4068; x_wconf 81' lang='lat' dir='ltr'><strong>supra</strong></span> <span class='ocrx_word' id='word_1_236' title='bbox 771 3996 923 4052; x_wconf 85' lang='lat' dir='ltr'><strong>indicatum</strong></span> <span class='ocrx_word' id='word_1_237' title='bbox 938 4007 989 4056; x_wconf 85' lang='lat' dir='ltr'><strong>est.</strong></span> <span class='ocrx_word' id='word_1_238' title='bbox 1032 3997 1115 4069; x_wconf 80' lang='lat' dir='ltr'><strong>etp.</strong></span> <span class='ocrx_word' id='word_1_239' title='bbox 1134 4017 1193 4054; x_wconf 75' lang='lat' dir='ltr'><strong>sno.</strong></span> <span class='ocrx_word' id='word_1_240' title='bbox 1212 3988 1268 4052; x_wconf 83' lang='lat' dir='ltr'><strong>not.</strong></span> <span class='ocrx_word' id='word_1_241' title='bbox 1288 4012 1306 4045; x_wconf 93' lang='grc' dir='ltr'><strong>ι.</strong></span> <span class='ocrx_word' id='word_1_242' title='bbox 1326 4013 1353 4028; x_wconf 56' lang='lat'><em>³</em></span> 
     </span>
     <span class='ocr_line' id='line_1_34' title="bbox 455 4085 1354 4168; baseline -0.01 -18"><span class='ocrx_word' id='word_1_243' title='bbox 455 4098 530 4150; x_wconf 86' lang='lat' dir='ltr'><strong>luter</strong></span> <span class='ocrx_word' id='word_1_244' title='bbox 544 4101 664 4160; x_wconf 78' lang='lat' dir='ltr'><strong>veteres,</strong></span> <span class='ocrx_word' id='word_1_245' title='bbox 685 4095 720 4148; x_wconf 88' lang='lat' dir='ltr'><strong>ad</strong></span> <span class='ocrx_word' id='word_1_246' title='bbox 734 4096 903 4167; x_wconf 83' lang='lat' dir='ltr'><strong>quosSenee.</strong></span> <span class='ocrx_word' id='word_1_247' title='bbox 918 4095 963 4148; x_wconf 85' lang='lat' dir='ltr'><strong>hie</strong></span> <span class='ocrx_word' id='word_1_248' title='bbox 973 4105 1113 4168; x_wconf 84' lang='lat' dir='ltr'><strong>provocat,</strong></span> <span class='ocrx_word' id='word_1_249' title='bbox 1131 4091 1303 4168; x_wconf 81' lang='lat' dir='ltr'><strong>philosophos</strong></span> <span class='ocrx_word' id='word_1_250' title='bbox 1317 4085 1354 4136; x_wconf 81' lang='lat' dir='ltr'><strong>in·</strong></span> 
     </span>
    </p>
   </div>
   <div class='ocr_carea' id='block_1_8' title="bbox 0 0 1456 4866">
    <p class='ocr_par' dir='ltr' id='par_1_14' title="bbox 0 0 1456 4866">
     <span class='ocr_line' id='line_1_35' title="bbox 0 0 1456 4866; baseline 0 1"><span class='ocrx_word' id='word_1_251' title='bbox 0 0 1456 4866; x_wconf 95' lang='lat' dir='ltr'><strong> </strong></span> 
     </span>
    </p>
   </div>
  </div>
 </body>
</html>
