2900 4864
546 447 642 528 'fflffi

97 657 273 736 praccepta
298 645 437 712 dicendi
459 645 686 726 tradiderunt,
722 667 817 710 nemo
841 643 1025 726 dubitavlt,
1063 655 1102 714 ut

7 757 8 850 l
98 759 198 821 etiam
221 757 300 841 ipsis
321 757 479 820 librorum
502 755 609 818 titulis
628 764 783 818 testatum
799 755 843 818 sit
855 801 875 834 ,,
888 755 1029 838 scriptos
1045 775 1102 818 cea

98 865 418 936 deorterlietoriea,
449 861 564 924 Cicero
585 883 663 924 vero
685 861 804 940 etiam,
835 885 919 946 quae
947 863 1103 948 rhetorice

97 983 255 1050 vocetur,
279 993 350 1034 esse
370 967 573 1055 artificiosam
590 971 798 1058 eloquentiam
817 971 905 1032 dieat
924 972 962 1049 ')·.
1005 969 1103 1051 Quod

99 1102 168 1144 nou
193 1089 338 1142 oratores
362 1089 491 1144 tautum
513 1079 747 1156 vindicarunt,
780 1091 816 1142 ut
838 1078 955 1141 studiis
977 1077 1104 1161 aliquid

99 1188 168 1250 suis
195 1187 398 1270 praestitisse
428 1187 621 1262 videantur3
653 1187 711 1250 sed
731 1209 806 1250 cum
825 1183 1103 1284 liis'plrilnsophi,
1189 1245 1192 1256 ,

100 1308 135 1361 et
157 1296 262 1360 Stoici
287 1306 319 1358 et
341 1281 554 1378 Peripatetici
573 1296 746 1382 plerique,
780 1295 1003 1360 consentiunt.
1055 1293 1105 1360 Ac
1208 1285 1212 1300 ⁹

7 1395 9 1466 i
99 1427 152 1468 me
169 1403 335 1466 dubitasse
360 1385 542 1481 confiteor,
576 1426 616 1466 an
640 1403 727 1468 hanc
751 1415 878 1488 partem
898 1403 1102 1488 quaestionis

100 1511 305 1580 tractandam
320 1521 488 1594 putarem
513 1533 587 1572 uam
604 1512 678 1594 quia
694 1519 744 1576 est
759 1511 861 1590 adem,
885 1533 953 1576 non
972 1513 1011 1576 ab
1028 1533 1105 1576 eru·
1189 1503 1192 1516 ¹

7 1879 9 1944 i

101 1603 227 1682 ditione
243 1619 360 1694 modo,
396 1615 453 1680 sed
471 1639 488 1678 a
509 1639 609 1680 sensu
629 1629 773 1682 remotus
794 1619 960 1698 hominis,
994 1629 1032 1682 ut
1056 1621 1106 1680 fa·

99 1725 248 1791 bricandi
267 1725 418 1810 quidem,
450 1737 484 1790 et
500 1726 653 1806 texendi,
686 1738 720 1790 et
739 1751 756 1792 e
777 1727 848 1790 luto
869 1750 945 1790 vasa
961 1726 1105 1792 ducendi

101 1851 197 1900 artem
216 1847 331 1922 putet;
353 1837 531 1900 rhetoricen
548 1846 680 1914 autem,
703 1835 879 1900 maximum
895 1813 933 1900 ac
949 1836 1107 1920 pulcher·

7 1949 9 2014 ἒ
99 1946 219 2008 rimam
252 1943 434 2028 (utsupra
463 1941 623 2020 diximus)
657 1965 761 2026 opus,
802 1943 836 2004 in
871 1953 937 2006 tam
965 1944 1106 2008 sublime

101 2053 268 2136 fastigium
290 2052 454 2116 existimet
469 2053 538 2114 sine
556 2065 621 2116 orte
637 2051 789 2116 venissel
830 2052 993 2134 Equidem
1015 2052 1104 2132 illos,

7 2161 8 2206 ἐ
103 2159 161 2244 qui
181 2159 542 2241 contradisputarunt‚
574 2179 640 2226 nou
661 2168 728 2221 tam
746 2159 909 2237 sensisse,
945 2159 1034 2242 quod
1055 2159 1123 2220 dir

7 2333 8 2336 ,
103 2277 233 2342 cenent,
268 2287 365 2350 quam
394 2287 545 2330 exercere
574 2265 705 2350 ingenia
735 2265 890 2329 materiae
915 2267 1107 2332 difficultate

7 2387 9 2464 Ι

103 2377 201 2450 crede
219 2374 378 2438 voluisse:
414 2374 501 2438 sicat
518 2373 725 2458 Polycratem
745 2373 808 2454 **),
840 2397 943 2458 qaum
964 2375 1108 2438 Busirim

101 2483 274 2560 laudaret,
291 2491 324 2546 et
336 2479 646 2566 Clytaemnestram:
670 2504 860 2567 quanquam
876 2483 924 2563 is,
949 2467 1039 2568 quod
1055 2483 1107 2548 his
1220 2547 1223 2571 ‚

103 2590 259 2654 dissimile
281 2613 347 2652 non
365 2601 469 2669 esset,
493 2591 719 2676 composuisse
738 2593 931 2674 orationem,
957 2604 1108 2679 quaeest
1210 2625 1215 2630 ·

102 2697 215 2762 habite
239 2708 355 2760 contra
370 2699 559 2778 Socratem,
584 2699 716 2765 dicitur.

165 2805 306 2886 Quidam
344 2808 527 2870 naturalem
562 2829 634 2871 esee
668 2809 856 2872 rhetoricen
893 2810 1031 2886 volunt,
1075 2819 1109 2872 et

99 2923 213 2978 tamen
243 2913 387 3000 adjuvari
413 2916 643 2979 exercitatione
674 2938 740 2978 non
770 2917 976 2980 diffitenturn
1007 2929 1045 2982 ut
1073 2919 1109 2982 iu

104 3023 199 3086 libris
218 3023 387 3086 Ciceronis
409 3021 448 3085 de
466 3023 605 3086 Oratore
620 3020 701 3088 dicit
712 3024 894 3112 Antonius,
918 3027 1111 3088 observatio·

106 3155 177 3196 nem
199 3131 364 3214 quandam
384 3151 476 3210 esse,
499 3153 564 3194 non
585 3145 681 3193 artem
699 3131 771 3208 ω).
813 3131 910 3210 Quod
932 3155 997 3196 non
1021 3133 1108 3211 idco,

107 3255 145 3305 ut
163 3263 225 3325 pro
242 3262 319 3304 vern
336 3239 559 3322 accipiamus,
577 3251 633 3304 est
652 3219 816 3326 positumi
841 3239 899 3304 sed
917 3251 954 3302 ut
969 3239 1109 3304 Antonii

107 3369 247 3436 persona
274 3360 444 3428 servetur,
480 3348 538 3433 qui
551 3350 784 3432 dissimulator
800 3347 880 3410 artis
899 3347 973 3408 fui&
1016 3349 1111 3408 Heus

108 3468 222 3543 autem
238 3453 426 3539 opinionem
441 3456 595 3518 habuisse
607 3457 716 3542 Lysias
731 3456 872 3518 videtur.
914 3450 1013 3537 Cujus
1034 3473 1111 3516 sen·

108 3545 234 3630 tentiae
254 3561 328 3625 talis
347 3563 494 3624 defensio
513 3573 583 3643 est,
618 3563 708 3647 quod
731 3563 875 3641 indocti,
911 3569 944 3624 et
962 3561 1110 3644 barbari,

110 3735 416 3752 W

120 3815 498 3910 'pannucius

145 3931 185 4006 *Ἴ
204 3936 246 3986 De
264 3931 406 4000 Polycrate
424 3931 477 3984 hoc
493 3928 646 3986 vid.,Arist.
666 3925 744 3982 Rhst.
759 3927 777 3982 l.
793 3929 830 3981 11.
846 3943 869 3980 c.
884 3925 925 3996 ul„
961 3927 1113 4004 Praecipue

200 4007 293 4080 autem
312 4029 398 4089 Dion.
411 4025 477 4078 Hal.
495 4027 529 4076 In
546 4023 623 4102 Isaeo
639 4023 703 4079 vol.
717 4023 753 4080 V.
767 4042 794 4096 p.
810 4025 870 4095 627.
888 4022 931 4078 cd.
946 4023 991 4082 W.

128 4121 183 4193 aaa)
207 4125 296 4176 Cicer.
313 4121 356 4176 D'e
375 4138 412 4176 or.
432 4121 453 4175 1.
473 4137 497 4175 c.
517 4137 559 4174 uo.
