2902 4866
831 439 915 514 46⁸

374 647 504 701 tautum
527 637 604 699 fidat
623 637 756 720 ingenio
764 682 775 715 ‚
798 648 836 700 ut
852 636 886 698 id
907 637 968 698 siti
988 648 1116 721 speret
1137 638 1317 721 incipienti
1333 650 1392 700 sta-

373 747 432 810 tim
452 766 550 828 posse
569 747 782 828 contingere;
812 746 870 808 sed
891 745 979 808 sicut
1006 745 1046 806 in
1070 746 1290 830 cogitatione
1305 767 1392 826 prae·

346 843 348 858 Ι
373 855 532 938 cipimus,
555 855 601 915 ita
619 855 812 918 facilitatem
832 854 1098 938 extemporalem
1121 878 1143 914 a
1167 855 1283 938 parvis
1295 854 1392 916 initiis
1422 837 1423 842 ἵ

371 963 544 1046 paullatim
560 963 776 1045 perducemus
796 963 838 1024 ad
856 985 1034 1026 summam:
1075 985 1174 1046 quae
1197 984 1309 1045 neque
1325 981 1393 1044 per·

372 1069 451 1148 lici,
480 1092 589 1154 neque
608 1071 772 1134 contineri
792 1071 856 1132 nisi
877 1094 940 1134 utu
957 1080 1087 1156 potent.
1137 1073 1304 1134 Ceterum
1326 1090 1393 1153 per·

370 1177 544 1239 renire'eo
562 1177 678 1256 debet,
707 1189 745 1242 ut
765 1179 919 1262 cogitatio
946 1201 1010 1240 non
1038 1180 1175 1262 utique
1205 1178 1328 1242 melior
1354 1175 1393 1234 sit

371 1307 428 1365 ea,
452 1283 509 1346 sed
527 1285 648 1358 tutior;
673 1308 749 1346 cum
761 1286 848 1348 hanc
865 1287 1065 1350 facilitatem
1086 1311 1163 1350 nou
1182 1309 1288 1371 prona
1303 1283 1393 1344 modo

333 1439 336 1448 .
370 1392 466 1453 multi
488 1391 557 1452 sint
577 1393 766 1470 consecuti,
806 1393 986 1456 sedetiam
1013 1396 1203 1472 carmine,
1239 1405 1280 1455 ut
1302 1392 1391 1454 Anti-

295 1531 299 1538 ·
369 1511 463 1584 pater
477 1499 634 1562 Sidonius
657 1512 691 1562 et
706 1500 855 1564 Licinius
875 1501 1034 1564 Archiae:
1066 1503 1291 1566 credendum
1310 1499 1391 1561 enirn

369 1605 522 1669 Ciceroni
541 1619 591 1670 eet
614 1607 641 1684 ¹¹)
652 1635 663 1682 ;
692 1629 758 1669 nou
777 1609 856 1690 quia
876 1609 998 1670 nostrie
1015 1632 1166 1693 quoque
1185 1608 1389 1692 temporibus

370 1735 436 1776 non
462 1727 496 1778 et
511 1716 653 1780 fecerint
673 1717 806 1798 quidam
830 1717 895 1778 boc
916 1727 951 1779 et
974 1719 1126 1780 faciant:
1167 1717 1266 1802 qnod
1284 1727 1387 1776 tamen

369 1842 436 1884 non
457 1823 563 1904 ipsum
583 1834 650 1885 tam
666 1824 835 1907 probabile
854 1836 935 1908 puto
954 1832 1084 1908 (neque
1104 1828 1205 1890 enim
1220 1827 1324 1888 babet
1338 1830 1388 1879 aut

368 1951 465 1992 usum
483 1951 535 1994 ree
551 1941 609 1992 aut
622 1932 871 2009 necessitatem)
889 1955 988 2014 qnam
1005 1933 1235 1996 exhortandis
1251 1934 1288 1994 in
1307 1932 1387 1992 hanc

368 2059 476 2122 spem,
510 2039 569 2120 qui
588 2040 660 2100 foro
677 2052 936 2122 praeparentur,
965 2040 1047 2102 utile
1070 2043 1285 2124 exemptum.
1327 2039 1386 2098 Ne-

368 2168 434 2229 que
463 2169 542 2210 rero
569 2157 695 2208 tantam
726 2169 799 2211 esse
832 2171 979 2232 unquam
1013 2149 1177 2212 fiduciam
1212 2145 1383 2212 facilitatis

365 2253 485 2332 velim,
517 2265 637 2318 utnon
656 2257 755 2320 breve
772 2256 888 2320 saltem
911 2268 1060 2340 tempus,
1091 2259 1193 2342 quod
1219 2272 1382 2337 nusquam

365 2363 434 2424 fere
453 2363 581 2442 deerit,
615 2363 729 2443 adea,
760 2387 845 2448 quae
864 2365 1134 2444 dicturioimus,
1170 2359 1380 2450 dispicienda

366 2491 548 2532 sumamus:
588 2471 679 2552 qbod
705 2471 841 2555 qpidem
866 2472 901 2532 in
930 2470 1066 2555 judiciis
1095 2497 1137 2537 ac
1175 2477 1257 2536 foro
1287 2471 1379 2532 datur

367 2600 507 2661 semper,
556 2580 672 2660 Neque
698 2579 786 2640 enim
815 2581 990 2662 quisquam
1021 2593 1089 2659 est,
1128 2583 1195 2666 qui
1225 2597 1377 2647 causam,
1422 2635 1423 2660 ,

365 2708 462 2769 quam
495 2706 562 2748 uon
595 2686 769 2766 didicerit,
802 2699 884 2770 agat.
935 2689 1185 2753 Declamatores
1217 2684 1378 2772 quosdam

364 2811 516 2875 perversa
537 2792 631 2856 ducit
649 2794 802 2872 ambitio,
834 2806 872 2858 ut
892 2795 1039 2878 exposita
1053 2797 1291 2860 controversia
1305 2810 1375 2876 pro·

366 2901 458 2962 tinus
477 2899 586 2962 dicere
608 2901 730 2964 velint:
765 2905 986 2986 quinetiam,
1015 2905 1105 2988 quod
1124 2917 1179 2968 eet
1204 2896 1375 2988 inprimis

364 3008 522 3071 frivolum
536 3031 574 3068 nc
591 3011 773 3090 scenicum,
795 3013 930 3074 verbum
941 3021 1068 3095 petant,
1091 3016 1181 3096 quod
1196 3011 1372 3094 incipiant.

365 3117 430 3180 Sed
446 3129 513 3180 tam
531 3119 786 3218 qontumeliosoe
804 3121 838 3181 in
857 3143 892 3184 ee
900 3121 986 3182 ridet
999 3121 1143 3185 invicem
1160 3117 1371 3208 eloquentia:

367 3236 401 3289 et
428 3226 485 3310 qui
509 3227 619 3290 stultia
639 3227 751 3290 ,videri
778 3230 898 3293 eruditi
925 3231 1063 3308 volunt,
1104 3234 1200 3296 stulti
1232 3224 1369 3294 eruditis

365 3333 566 3419 judicantur.
607 3335 644 3398 si
664 3357 728 3418 qua
748 3345 857 3398 temen
877 3339 1096 3408 fortunatam
1119 3338 1265 3404 sdbitam
1287 3337 1371 3398 lece·
1422 3333 1423 3348 ³

366 3443 411 3505 rit
427 3441 543 3524 agendi
562 3443 811 3519 necessitatem,
842 3444 1012 3506 mobiliore
1032 3447 1183 3528 quodanr
1194 3467 1281 3530 opus
1307 3439 1368 3504 erit
1422 3412 1423 3492 i

366 3548 499 3631 ingenio
518 3559 551 3612 et
565 3551 616 3610 vis
632 3551 737 3612 omnis
755 3550 955 3628 intendenda
969 3553 1066 3614 rebus
1084 3556 1164 3616 etin
1181 3550 1368 3640 praesentia
1422 3529 1423 3572 3

365 3656 600 3718 remittendum
620 3657 745 3740 aliquid
767 3679 806 3718 ex
824 3681 903 3720 cura
922 3661 1120 3739 verborum,
1151 3664 1179 3724 si
1204 3652 1365 3738 consequi
1422 3698 1423 3712 η

364 3775 544 3845 utrumque
569 3789 634 3827 nou
656 3767 795 3828 dabitur.
838 3767 922 3826 Tum
942 3778 974 3828 et
990 3769 1115 3830 tardior
1133 3767 1364 3852 pronunciatio
1422 3751 1423 3762 ³

365 3892 471 3932 morae
491 3871 590 3934 babet
610 3860 818 3955 et'euspensa
836 3895 874 3934 ac
895 3875 985 3937 reiut
1001 3875 1155 3939 dubitans
1173 3878 1297 3940 oratio:
1311 3871 1314 3876 ’
1328 3879 1363 3931 ut

407 4091 432 4161 *)
459 4093 546 4144 Cicer.
565 4094 606 4144 De
622 4104 688 4146 orat.
701 4094 754 4145 ΙΙΙ.
771 4104 811 4152 50,
830 4104 857 4148 et
874 4113 922 4166 pro
939 4096 1015 4147 Arcb
1035 4108 1108 4167 poet.
1124 4117 1147 4150 c.
1163 4103 1187 4151 ὃ.
