<?xml version="1.0" encoding="UTF-8"?>
<!DOCTYPE html PUBLIC "-//W3C//DTD XHTML 1.0 Transitional//EN"
    "http://www.w3.org/TR/xhtml1/DTD/xhtml1-transitional.dtd">
<html xmlns="http://www.w3.org/1999/xhtml" xml:lang="en" lang="en">
 <head>
  <title>
</title>
<meta http-equiv="Content-Type" content="text/html;charset=utf-8" />
  <meta name='ocr-system' content='tesseract 3.04.00' />
  <meta name='ocr-capabilities' content='ocr_page ocr_carea ocr_par ocr_line ocrx_word'/>
</head>
<body>
  <div class='ocr_page' id='page_1' title='image "./aestheticaliter01hillgoog_0084.png"; bbox 0 0 2844 4874; ppageno 0'>
   <div class='ocr_carea' id='block_1_1' title="bbox 229 412 1343 2932">
    <p class='ocr_par' dir='ltr' id='par_1_1' title="bbox 656 412 1006 558">
     <span class='ocr_line' id='line_1_1' title="bbox 656 412 1006 558; baseline 0 0"><span class='ocrx_word' id='word_1_1' title='bbox 656 417 659 425; x_wconf 30' lang='lat'><strong>¹</strong></span> <span class='ocrx_word' id='word_1_2' title='bbox 706 447 715 478; x_wconf 84' lang='lat'><strong><em>‘</em></strong></span> <span class='ocrx_word' id='word_1_3' title='bbox 813 481 867 558; x_wconf 85' lang='lat' dir='ltr'><strong>os</strong></span> <span class='ocrx_word' id='word_1_4' title='bbox 1001 412 1006 436; x_wconf 36' lang='lat'>⁸</span> 
     </span>
    </p>

    <p class='ocr_par' dir='ltr' id='par_1_2' title="bbox 229 671 1343 2932">
     <span class='ocr_line' id='line_1_2' title="bbox 334 671 1335 771; baseline -0.003 -24"><span class='ocrx_word' id='word_1_5' title='bbox 334 684 477 771; x_wconf 85' lang='lat' dir='ltr'><strong>primum</strong></span> <span class='ocrx_word' id='word_1_6' title='bbox 502 703 588 769; x_wconf 84' lang='lat' dir='ltr'><strong>¹quae</strong></span> <span class='ocrx_word' id='word_1_7' title='bbox 621 681 780 768; x_wconf 86' lang='lat' dir='ltr'><strong>imperitis</strong></span> <span class='ocrx_word' id='word_1_8' title='bbox 809 701 943 766; x_wconf 86' lang='lat' dir='ltr'><strong>quoque</strong></span> <span class='ocrx_word' id='word_1_9' title='bbox 977 677 1018 741; x_wconf 88' lang='lat' dir='ltr'><strong>ad</strong></span> <span class='ocrx_word' id='word_1_10' title='bbox 1049 671 1335 764; x_wconf 85' lang='lat' dir='ltr'><strong>reprehensionem</strong></span> 
     </span>
     <span class='ocr_line' id='line_1_3' title="bbox 336 784 1337 871; baseline -0.003 -14"><span class='ocrx_word' id='word_1_11' title='bbox 336 791 495 862; x_wconf 82' lang='lat' dir='ltr'>notabilia</span> <span class='ocrx_word' id='word_1_12' title='bbox 514 784 689 868; x_wconf 84' lang='lat' dir='ltr'><strong>videntur,</strong></span> <span class='ocrx_word' id='word_1_13' title='bbox 719 789 754 852; x_wconf 91' lang='lat' dir='ltr'><strong>id</strong></span> <span class='ocrx_word' id='word_1_14' title='bbox 778 800 849 864; x_wconf 89' lang='lat' dir='ltr'><strong>est,</strong></span> <span class='ocrx_word' id='word_1_15' title='bbox 881 807 966 871; x_wconf 87' lang='lat' dir='ltr'><strong>quae</strong></span> <span class='ocrx_word' id='word_1_16' title='bbox 986 789 1169 853; x_wconf 86' lang='lat' dir='ltr'><strong>commissis</strong></span> <span class='ocrx_word' id='word_1_17' title='bbox 1194 790 1281 852; x_wconf 89' lang='lat' dir='ltr'><strong>inter</strong></span> <span class='ocrx_word' id='word_1_18' title='bbox 1301 811 1337 854; x_wconf 89' lang='lat' dir='ltr'><strong>se</strong></span> 
     </span>
     <span class='ocr_line' id='line_1_4' title="bbox 334 895 1337 981; baseline -0.005 -17"><span class='ocrx_word' id='word_1_19' title='bbox 334 901 443 964; x_wconf 83' lang='lat' dir='ltr'><strong>verbis</strong></span> <span class='ocrx_word' id='word_1_20' title='bbox 461 899 609 978; x_wconf 58' lang='lat' dir='ltr'><strong>duobusj</strong></span> <span class='ocrx_word' id='word_1_21' title='bbox 644 920 682 961; x_wconf 86' lang='lat' dir='ltr'><strong>ex</strong></span> <span class='ocrx_word' id='word_1_22' title='bbox 708 897 822 958; x_wconf 88' lang='lat' dir='ltr'><strong>ultima</strong></span> <span class='ocrx_word' id='word_1_23' title='bbox 842 895 963 981; x_wconf 84' lang='lat' dir='ltr'><strong>prioris</strong></span> <span class='ocrx_word' id='word_1_24' title='bbox 985 917 1023 957; x_wconf 87' lang='lat' dir='ltr'><strong>ac</strong></span> <span class='ocrx_word' id='word_1_25' title='bbox 1041 896 1145 979; x_wconf 87' lang='lat' dir='ltr'><strong>prima</strong></span> <span class='ocrx_word' id='word_1_26' title='bbox 1168 898 1337 980; x_wconf 87' lang='lat' dir='ltr'><strong>sequentis</strong></span> 
     </span>
     <span class='ocr_line' id='line_1_5' title="bbox 334 1003 1340 1092; baseline -0.004 -22"><span class='ocrx_word' id='word_1_27' title='bbox 334 1008 479 1092; x_wconf 81' lang='lat' dir='ltr'><strong>syllaba,</strong></span> <span class='ocrx_word' id='word_1_28' title='bbox 502 1007 646 1076; x_wconf 79' lang='lat' dir='ltr'><strong>deforme</strong></span> <span class='ocrx_word' id='word_1_29' title='bbox 661 1004 797 1089; x_wconf 85' lang='lat' dir='ltr'><strong>aliquod</strong></span> <span class='ocrx_word' id='word_1_30' title='bbox 813 1025 934 1067; x_wconf 90' lang='lat' dir='ltr'><strong>nomeu</strong></span> <span class='ocrx_word' id='word_1_31' title='bbox 950 1003 1105 1068; x_wconf 81' lang='lat' dir='ltr'><strong>efficiunt.</strong></span> <span class='ocrx_word' id='word_1_32' title='bbox 1137 1005 1224 1068; x_wconf 89' lang='lat' dir='ltr'><strong>Tum</strong></span> <span class='ocrx_word' id='word_1_33' title='bbox 1240 1027 1340 1068; x_wconf 87' lang='lat' dir='ltr'><strong>voca-</strong></span> 
     </span>
     <span class='ocr_line' id='line_1_6' title="bbox 333 1106 1338 1198; baseline -0.003 -22"><span class='ocrx_word' id='word_1_34' title='bbox 333 1116 420 1178; x_wconf 61' lang='lat' dir='ltr'><strong>lium»</strong></span> <span class='ocrx_word' id='word_1_35' title='bbox 434 1130 614 1180; x_wconf 83' lang='lat' dir='ltr'><strong>concursus</strong></span> <span class='ocrx_word' id='word_1_36' title='bbox 626 1145 639 1192; x_wconf 86' lang='lat'><strong>‚·</strong></span> <span class='ocrx_word' id='word_1_37' title='bbox 660 1113 718 1198; x_wconf 90' lang='lat' dir='ltr'><strong>qui</strong></span> <span class='ocrx_word' id='word_1_38' title='bbox 739 1135 814 1176; x_wconf 88' lang='lat' dir='ltr'><strong>oum</strong></span> <span class='ocrx_word' id='word_1_39' title='bbox 833 1112 968 1192; x_wconf 85' lang='lat' dir='ltr'><strong>accidit,</strong></span> <span class='ocrx_word' id='word_1_40' title='bbox 990 1112 1072 1190; x_wconf 79' lang='lat' dir='ltr'><strong>hiat,</strong></span> <span class='ocrx_word' id='word_1_41' title='bbox 1096 1122 1128 1175; x_wconf 89' lang='lat' dir='ltr'><strong>et</strong></span> <span class='ocrx_word' id='word_1_42' title='bbox 1148 1106 1338 1192; x_wconf 66' lang='lat' dir='ltr'><strong>intersistit,</strong></span> 
     </span>
     <span class='ocr_line' id='line_1_7' title="bbox 334 1221 1340 1306; baseline -0.004 -20"><span class='ocrx_word' id='word_1_43' title='bbox 334 1235 368 1286; x_wconf 88' lang='lat' dir='ltr'><strong>et</strong></span> <span class='ocrx_word' id='word_1_44' title='bbox 385 1224 480 1306; x_wconf 82' lang='lat' dir='ltr'><strong>quasi</strong></span> <span class='ocrx_word' id='word_1_45' title='bbox 495 1223 622 1285; x_wconf 88' lang='lat' dir='ltr'><strong>laborat</strong></span> <span class='ocrx_word' id='word_1_46' title='bbox 636 1221 751 1286; x_wconf 85' lang='lat' dir='ltr'><strong>oratio.</strong></span> <span class='ocrx_word' id='word_1_47' title='bbox 793 1221 938 1284; x_wconf 85' lang='lat' dir='ltr'><strong>Pessime</strong></span> <span class='ocrx_word' id='word_1_48' title='bbox 956 1221 1085 1304; x_wconf 90' lang='lat' dir='ltr'><strong>longae,</strong></span> <span class='ocrx_word' id='word_1_49' title='bbox 1109 1239 1193 1303; x_wconf 85' lang='lat' dir='ltr'><strong>quoe</strong></span> <span class='ocrx_word' id='word_1_50' title='bbox 1209 1221 1340 1284; x_wconf 85' lang='lat' dir='ltr'><strong>easdem</strong></span> 
     </span>
     <span class='ocr_line' id='line_1_8' title="bbox 335 1329 1339 1414; baseline 0.002 -22"><span class='ocrx_word' id='word_1_51' title='bbox 335 1331 425 1394; x_wconf 89' lang='lat' dir='ltr'><strong>iuter</strong></span> <span class='ocrx_word' id='word_1_52' title='bbox 448 1352 482 1394; x_wconf 89' lang='lat' dir='ltr'><strong>se</strong></span> <span class='ocrx_word' id='word_1_53' title='bbox 512 1330 623 1392; x_wconf 80' lang='lat' dir='ltr'><strong>literas</strong></span> <span class='ocrx_word' id='word_1_54' title='bbox 651 1329 884 1408; x_wconf 87' lang='lat' dir='ltr'><strong>committunt,</strong></span> <span class='ocrx_word' id='word_1_55' title='bbox 919 1329 1094 1396; x_wconf 82' lang='lat' dir='ltr'><strong>sonabunt.</strong></span> <span class='ocrx_word' id='word_1_56' title='bbox 1136 1329 1339 1414; x_wconf 79' lang='lat' dir='ltr'><strong>Praecipuus</strong></span> 
     </span>
     <span class='ocr_line' id='line_1_9' title="bbox 332 1436 1340 1524; baseline 0.004 -24"><span class='ocrx_word' id='word_1_57' title='bbox 332 1449 440 1500; x_wconf 89' lang='lat' dir='ltr'><strong>tamen</strong></span> <span class='ocrx_word' id='word_1_58' title='bbox 453 1436 515 1498; x_wconf 87' lang='lat' dir='ltr'><strong>erit</strong></span> <span class='ocrx_word' id='word_1_59' title='bbox 528 1436 640 1524; x_wconf 87' lang='lat' dir='ltr'><strong>hiatus</strong></span> <span class='ocrx_word' id='word_1_60' title='bbox 657 1459 780 1516; x_wconf 83' lang='lat' dir='ltr'><strong>earum,</strong></span> <span class='ocrx_word' id='word_1_61' title='bbox 805 1459 889 1522; x_wconf 91' lang='lat' dir='ltr'><strong>quae</strong></span> <span class='ocrx_word' id='word_1_62' title='bbox 904 1457 985 1500; x_wconf 81' lang='lat' dir='ltr'><strong>cavo</strong></span> <span class='ocrx_word' id='word_1_63' title='bbox 1002 1445 1058 1498; x_wconf 89' lang='lat' dir='ltr'><strong>aut</strong></span> <span class='ocrx_word' id='word_1_64' title='bbox 1071 1439 1183 1521; x_wconf 87' lang='lat' dir='ltr'><strong>patulo</strong></span> <span class='ocrx_word' id='word_1_65' title='bbox 1200 1439 1340 1504; x_wconf 84' lang='lat' dir='ltr'><strong>maxime</strong></span> 
     </span>
     <span class='ocr_line' id='line_1_10' title="bbox 332 1545 1339 1630; baseline 0 -22"><span class='ocrx_word' id='word_1_66' title='bbox 332 1567 390 1609; x_wconf 89' lang='lat' dir='ltr'><strong>ore</strong></span> <span class='ocrx_word' id='word_1_67' title='bbox 411 1547 595 1608; x_wconf 85' lang='lat' dir='ltr'><strong>efferuntur</strong></span> <span class='ocrx_word' id='word_1_68' title='bbox 611 1545 648 1623; x_wconf 87' lang='lat'><strong>*).</strong></span> <span class='ocrx_word' id='word_1_69' title='bbox 690 1546 738 1623; x_wconf 89' lang='lat' dir='ltr'><strong>E,</strong></span> <span class='ocrx_word' id='word_1_70' title='bbox 761 1546 892 1629; x_wconf 87' lang='lat' dir='ltr'><strong>plenior</strong></span> <span class='ocrx_word' id='word_1_71' title='bbox 909 1545 1006 1609; x_wconf 86' lang='lat' dir='ltr'><strong>litera</strong></span> <span class='ocrx_word' id='word_1_72' title='bbox 1023 1555 1093 1622; x_wconf 87' lang='lat' dir='ltr'><strong>est,</strong></span> <span class='ocrx_word' id='word_1_73' title='bbox 1116 1547 1130 1608; x_wconf 94' lang='lat' dir='ltr'>I</span> <span class='ocrx_word' id='word_1_74' title='bbox 1149 1549 1339 1630; x_wconf 85' lang='lat' dir='ltr'><strong>angustior:</strong></span> 
     </span>
     <span class='ocr_line' id='line_1_11' title="bbox 332 1638 1339 1738; baseline 0.002 -23"><span class='ocrx_word' id='word_1_75' title='bbox 332 1653 476 1738; x_wconf 86' lang='lat' dir='ltr'><strong>ideoque</strong></span> <span class='ocrx_word' id='word_1_76' title='bbox 504 1653 676 1716; x_wconf 85' lang='lat' dir='ltr'><strong>obscurius</strong></span> <span class='ocrx_word' id='word_1_77' title='bbox 704 1652 739 1714; x_wconf 92' lang='lat' dir='ltr'><strong>in</strong></span> <span class='ocrx_word' id='word_1_78' title='bbox 764 1653 815 1714; x_wconf 90' lang='lat' dir='ltr'><strong>his</strong></span> <span class='ocrx_word' id='word_1_79' title='bbox 845 1638 974 1716; x_wconf 82' lang='lat' dir='ltr'><strong>vitium.</strong></span> <span class='ocrx_word' id='word_1_80' title='bbox 1028 1645 1138 1716; x_wconf 85' lang='lat' dir='ltr'><strong>Minus</strong></span> <span class='ocrx_word' id='word_1_81' title='bbox 1169 1656 1339 1736; x_wconf 85' lang='lat' dir='ltr'><strong>peccabit,</strong></span> 
     </span>
     <span class='ocr_line' id='line_1_12' title="bbox 333 1757 1341 1846; baseline 0.005 -24"><span class='ocrx_word' id='word_1_82' title='bbox 333 1762 393 1846; x_wconf 92' lang='lat' dir='ltr'><strong>qui</strong></span> <span class='ocrx_word' id='word_1_83' title='bbox 409 1762 516 1845; x_wconf 90' lang='lat' dir='ltr'><strong>longis</strong></span> <span class='ocrx_word' id='word_1_84' title='bbox 534 1762 648 1826; x_wconf 83' lang='lat' dir='ltr'><strong>breves</strong></span> <span class='ocrx_word' id='word_1_85' title='bbox 666 1757 843 1844; x_wconf 83' lang='lat' dir='ltr'><strong>subjiciet,</strong></span> <span class='ocrx_word' id='word_1_86' title='bbox 867 1772 900 1824; x_wconf 89' lang='lat' dir='ltr'><strong>et</strong></span> <span class='ocrx_word' id='word_1_87' title='bbox 918 1757 1046 1839; x_wconf 81' lang='lat' dir='ltr'><strong>adhuc,</strong></span> <span class='ocrx_word' id='word_1_88' title='bbox 1082 1761 1139 1844; x_wconf 90' lang='lat' dir='ltr'><strong>qui</strong></span> <span class='ocrx_word' id='word_1_89' title='bbox 1154 1773 1341 1846; x_wconf 82' lang='lat' dir='ltr'><strong>&#39;praeponet</strong></span> 
     </span>
     <span class='ocr_line' id='line_1_13' title="bbox 332 1867 1341 1954; baseline 0.001 -23"><span class='ocrx_word' id='word_1_90' title='bbox 332 1870 449 1954; x_wconf 85' lang='lat' dir='ltr'><strong>longae</strong></span> <span class='ocrx_word' id='word_1_91' title='bbox 465 1871 604 1932; x_wconf 84' lang='lat' dir='ltr'><strong>brevem.</strong></span> <span class='ocrx_word' id='word_1_92' title='bbox 647 1869 784 1931; x_wconf 88' lang='lat' dir='ltr'><strong>Minima</strong></span> <span class='ocrx_word' id='word_1_93' title='bbox 802 1867 904 1931; x_wconf 89' lang='lat' dir='ltr'><strong>estin</strong></span> <span class='ocrx_word' id='word_1_94' title='bbox 923 1867 1047 1931; x_wconf 86' lang='lat' dir='ltr'><strong>duabus</strong></span> <span class='ocrx_word' id='word_1_95' title='bbox 1061 1869 1216 1943; x_wconf 83' lang='lat' dir='ltr'><strong>brevibus</strong></span> <span class='ocrx_word' id='word_1_96' title='bbox 1233 1872 1341 1934; x_wconf 87' lang='lat' dir='ltr'><strong>offen-</strong></span> 
     </span>
     <span class='ocr_line' id='line_1_14' title="bbox 271 1971 1341 2062; baseline 0.003 -22"><span class='ocrx_word' id='word_1_97' title='bbox 271 1995 277 2002; x_wconf 86' lang='grc'><strong>’</strong></span> <span class='ocrx_word' id='word_1_98' title='bbox 303 1971 305 1980; x_wconf 69' lang='grc'>’</span> <span class='ocrx_word' id='word_1_99' title='bbox 333 1978 392 2040; x_wconf 88' lang='lat' dir='ltr'><strong>sio.</strong></span> <span class='ocrx_word' id='word_1_100' title='bbox 435 1979 547 2060; x_wconf 80' lang='lat' dir='ltr'><strong>Atque</strong></span> <span class='ocrx_word' id='word_1_101' title='bbox 571 1997 674 2061; x_wconf 86' lang='lat' dir='ltr'><strong>quum</strong></span> <span class='ocrx_word' id='word_1_102' title='bbox 701 1977 784 2039; x_wconf 87' lang='lat' dir='ltr'><strong>aliae</strong></span> <span class='ocrx_word' id='word_1_103' title='bbox 810 1974 1055 2062; x_wconf 85' lang='lat' dir='ltr'><strong>subjunguntur</strong></span> <span class='ocrx_word' id='word_1_104' title='bbox 1073 1978 1165 2055; x_wconf 86' lang='lat' dir='ltr'><strong>aliis,</strong></span> <span class='ocrx_word' id='word_1_105' title='bbox 1201 1981 1341 2061; x_wconf 86' lang='lat' dir='ltr'><strong>perinde</strong></span> 
     </span>
     <span class='ocr_line' id='line_1_15' title="bbox 333 2085 1343 2170; baseline 0.003 -25"><span class='ocrx_word' id='word_1_106' title='bbox 333 2085 536 2170; x_wconf 89' lang='lat' dir='ltr'><strong>adsperiores</strong></span> <span class='ocrx_word' id='word_1_107' title='bbox 558 2095 675 2166; x_wconf 81' lang='lat' dir='ltr'><strong>erunt¹</strong></span> <span class='ocrx_word' id='word_1_108' title='bbox 697 2096 795 2169; x_wconf 90' lang='lat' dir='ltr'><strong>prout</strong></span> <span class='ocrx_word' id='word_1_109' title='bbox 818 2085 882 2146; x_wconf 91' lang='lat' dir='ltr'><strong>oris</strong></span> <span class='ocrx_word' id='word_1_110' title='bbox 900 2085 992 2150; x_wconf 89' lang='lat' dir='ltr'><strong>hiatu</strong></span> <span class='ocrx_word' id='word_1_111' title='bbox 1016 2085 1114 2166; x_wconf 81' lang='lat' dir='ltr'><strong>simili</strong></span> <span class='ocrx_word' id='word_1_112' title='bbox 1128 2097 1191 2148; x_wconf 54' lang='lat' dir='ltr'><strong>&gt;aut</strong></span> <span class='ocrx_word' id='word_1_113' title='bbox 1208 2085 1343 2150; x_wconf 83' lang='lat' dir='ltr'><strong>diverso</strong></span> 
     </span>
     <span class='ocr_line' id='line_1_16' title="bbox 235 2181 1342 2278; baseline 0.004 -24"><span class='ocrx_word' id='word_1_114' title='bbox 235 2181 237 2188; x_wconf 15' lang='grc' dir='ltr'><em>Α</em></span> <span class='ocrx_word' id='word_1_115' title='bbox 331 2195 650 2277; x_wconf 80' lang='lat' dir='ltr'><strong>pronunciabantur.</strong></span> <span class='ocrx_word' id='word_1_116' title='bbox 692 2195 764 2256; x_wconf 84' lang='lat' dir='ltr'><strong>Non</strong></span> <span class='ocrx_word' id='word_1_117' title='bbox 784 2202 894 2255; x_wconf 83' lang='lat' dir='ltr'><strong>tamen</strong></span> <span class='ocrx_word' id='word_1_118' title='bbox 911 2191 965 2271; x_wconf 90' lang='lat' dir='ltr'><strong>id,</strong></span> <span class='ocrx_word' id='word_1_119' title='bbox 1000 2203 1037 2254; x_wconf 91' lang='lat' dir='ltr'><strong>ut</strong></span> <span class='ocrx_word' id='word_1_120' title='bbox 1057 2195 1180 2258; x_wconf 83' lang='lat' dir='ltr'><strong>crimen</strong></span> <span class='ocrx_word' id='word_1_121' title='bbox 1200 2195 1342 2278; x_wconf 82' lang='lat' dir='ltr'><strong>ingens,</strong></span> 
     </span>
     <span class='ocr_line' id='line_1_17' title="bbox 332 2285 1340 2386; baseline 0 -20"><span class='ocrx_word' id='word_1_122' title='bbox 332 2285 614 2386; x_wconf 79' lang='lat' dir='ltr'><strong>expavescendum</strong></span> <span class='ocrx_word' id='word_1_123' title='bbox 634 2313 702 2380; x_wconf 81' lang='lat' dir='ltr'><strong>est,</strong></span> <span class='ocrx_word' id='word_1_124' title='bbox 726 2300 896 2364; x_wconf 76' lang='lat' dir='ltr'><strong>amneseio</strong></span> <span class='ocrx_word' id='word_1_125' title='bbox 916 2301 1114 2386; x_wconf 83' lang='lat' dir='ltr'><strong>negligentia</strong></span> <span class='ocrx_word' id='word_1_126' title='bbox 1135 2302 1168 2362; x_wconf 87' lang='lat' dir='ltr'><strong>in</strong></span> <span class='ocrx_word' id='word_1_127' title='bbox 1187 2303 1270 2381; x_wconf 88' lang='lat' dir='ltr'><strong>hoe,</strong></span> <span class='ocrx_word' id='word_1_128' title='bbox 1295 2327 1340 2366; x_wconf 85' lang='lat' dir='ltr'><strong>uu</strong></span> 
     </span>
     <span class='ocr_line' id='line_1_18' title="bbox 332 2405 1340 2490; baseline 0.001 -18"><span class='ocrx_word' id='word_1_129' title='bbox 332 2409 523 2472; x_wconf 86' lang='lat' dir='ltr'><strong>sollicitudo</strong></span> <span class='ocrx_word' id='word_1_130' title='bbox 551 2407 594 2470; x_wconf 89' lang='lat' dir='ltr'><strong>sit</strong></span> <span class='ocrx_word' id='word_1_131' title='bbox 621 2405 723 2490; x_wconf 82' lang='lat' dir='ltr'><strong>pejor.</strong></span> <span class='ocrx_word' id='word_1_132' title='bbox 766 2405 915 2471; x_wconf 85' lang='lat' dir='ltr'><strong>Inhibeat</strong></span> <span class='ocrx_word' id='word_1_133' title='bbox 943 2409 1031 2472; x_wconf 85' lang='lat' dir='ltr'><strong>enim</strong></span> <span class='ocrx_word' id='word_1_134' title='bbox 1052 2430 1186 2472; x_wconf 87' lang='lat' dir='ltr'><strong>necesse</strong></span> <span class='ocrx_word' id='word_1_135' title='bbox 1212 2419 1262 2471; x_wconf 90' lang='lat' dir='ltr'><strong>est</strong></span> <span class='ocrx_word' id='word_1_136' title='bbox 1281 2411 1340 2473; x_wconf 88' lang='lat' dir='ltr'><strong>hic</strong></span> 
     </span>
     <span class='ocr_line' id='line_1_19' title="bbox 332 2513 1342 2602; baseline 0 -22"><span class='ocrx_word' id='word_1_137' title='bbox 332 2528 439 2580; x_wconf 86' lang='lat' dir='ltr'><strong>metus</strong></span> <span class='ocrx_word' id='word_1_138' title='bbox 474 2515 632 2599; x_wconf 84' lang='lat' dir='ltr'><strong>impetum</strong></span> <span class='ocrx_word' id='word_1_139' title='bbox 668 2513 822 2590; x_wconf 88' lang='lat' dir='ltr'><strong>dicendi,</strong></span> <span class='ocrx_word' id='word_1_140' title='bbox 860 2525 893 2586; x_wconf 84' lang='lat' dir='ltr'><strong>et</strong></span> <span class='ocrx_word' id='word_1_141' title='bbox 930 2539 948 2576; x_wconf 91' lang='lat' dir='ltr'><strong>a</strong></span> <span class='ocrx_word' id='word_1_142' title='bbox 980 2515 1164 2602; x_wconf 84' lang='lat' dir='ltr'><strong>potioribus</strong></span> <span class='ocrx_word' id='word_1_143' title='bbox 1200 2525 1342 2582; x_wconf 75' lang='lat' dir='ltr'><strong>avertat.</strong></span> 
     </span>
     <span class='ocr_line' id='line_1_20' title="bbox 333 2621 1343 2707; baseline 0.003 -22"><span class='ocrx_word' id='word_1_144' title='bbox 333 2627 442 2705; x_wconf 88' lang='lat' dir='ltr'><strong>Quare</strong></span> <span class='ocrx_word' id='word_1_145' title='bbox 462 2632 499 2684; x_wconf 88' lang='lat' dir='ltr'><strong>ut</strong></span> <span class='ocrx_word' id='word_1_146' title='bbox 518 2621 735 2706; x_wconf 81' lang='lat' dir='ltr'><strong>negligentiae</strong></span> <span class='ocrx_word' id='word_1_147' title='bbox 756 2643 830 2705; x_wconf 91' lang='lat' dir='ltr'><strong>pars</strong></span> <span class='ocrx_word' id='word_1_148' title='bbox 852 2631 921 2699; x_wconf 85' lang='lat' dir='ltr'><strong>est,</strong></span> <span class='ocrx_word' id='word_1_149' title='bbox 942 2623 1006 2685; x_wconf 91' lang='lat' dir='ltr'><strong>hoc</strong></span> <span class='ocrx_word' id='word_1_150' title='bbox 1026 2624 1094 2707; x_wconf 89' lang='lat' dir='ltr'><strong>pati</strong></span> <span class='ocrx_word' id='word_1_151' title='bbox 1106 2651 1114 2697; x_wconf 65' lang='grc' dir='ltr'><strong><em>ς</em></strong></span> <span class='ocrx_word' id='word_1_152' title='bbox 1138 2623 1184 2685; x_wconf 89' lang='lat' dir='ltr'><strong>ita</strong></span> <span class='ocrx_word' id='word_1_153' title='bbox 1200 2624 1343 2688; x_wconf 88' lang='lat' dir='ltr'><strong>humili-</strong></span> 
     </span>
     <span class='ocr_line' id='line_1_21' title="bbox 229 2715 1342 2814; baseline -0.002 -18"><span class='ocrx_word' id='word_1_154' title='bbox 229 2789 231 2796; x_wconf 93' lang='lat'><em>.</em></span> <span class='ocrx_word' id='word_1_155' title='bbox 329 2731 410 2802; x_wconf 82' lang='lat' dir='ltr'><strong>‚tatis</strong></span> <span class='ocrx_word' id='word_1_156' title='bbox 437 2728 561 2813; x_wconf 89' lang='lat' dir='ltr'><strong>ubique</strong></span> <span class='ocrx_word' id='word_1_157' title='bbox 583 2729 846 2813; x_wconf 84' lang='lat' dir='ltr'><strong>perhorrescere:</strong></span> <span class='ocrx_word' id='word_1_158' title='bbox 877 2715 1069 2814; x_wconf 44' lang='lat' dir='ltr'><strong>&#39;nimiosque</strong></span> <span class='ocrx_word' id='word_1_159' title='bbox 1091 2753 1158 2792; x_wconf 91' lang='lat' dir='ltr'><strong>non</strong></span> <span class='ocrx_word' id='word_1_160' title='bbox 1173 2733 1342 2796; x_wconf 81' lang='lat' dir='ltr'><strong>immerito</strong></span> 
     </span>
     <span class='ocr_line' id='line_1_22' title="bbox 302 2816 1341 2932; baseline 0.002 -30"><span class='ocrx_word' id='word_1_161' title='bbox 302 2819 307 2834; x_wconf 17' lang='grc' dir='ltr'><strong><em>ς</em></strong></span> <span class='ocrx_word' id='word_1_162' title='bbox 333 2839 368 2902; x_wconf 88' lang='lat' dir='ltr'><strong>in</strong></span> <span class='ocrx_word' id='word_1_163' title='bbox 392 2839 454 2902; x_wconf 76' lang='lat' dir='ltr'><strong>hoo</strong></span> <span class='ocrx_word' id='word_1_164' title='bbox 478 2860 559 2932; x_wconf 79' lang='lat' dir='ltr'><strong>cura</strong></span> <span class='ocrx_word' id='word_1_165' title='bbox 584 2846 704 2922; x_wconf 88' lang='lat' dir='ltr'><strong>putant</strong></span> <span class='ocrx_word' id='word_1_166' title='bbox 727 2859 840 2907; x_wconf 84' lang='lat' dir='ltr'><strong>omnes</strong></span> <span class='ocrx_word' id='word_1_167' title='bbox 863 2816 1038 2901; x_wconf 79' lang='lat' dir='ltr'><strong>Isocratem</strong></span> <span class='ocrx_word' id='word_1_168' title='bbox 1063 2852 1195 2902; x_wconf 85' lang='lat' dir='ltr'><strong>secutos</strong></span> <span class='ocrx_word' id='word_1_169' title='bbox 1207 2881 1228 2920; x_wconf 56' lang='lat' dir='ltr'><strong>,t</strong></span> <span class='ocrx_word' id='word_1_170' title='bbox 1247 2865 1341 2926; x_wconf 87' lang='lat' dir='ltr'><strong>prae·</strong></span> 
     </span>
    </p>
   </div>
   <div class='ocr_carea' id='block_1_2' title="bbox 234 2945 1340 3031">
    <p class='ocr_par' dir='ltr' id='par_1_3' title="bbox 234 2945 1340 3031">
     <span class='ocr_line' id='line_1_23' title="bbox 234 2945 1340 3031; baseline 0.003 -22"><span class='ocrx_word' id='word_1_171' title='bbox 234 2967 240 2989; x_wconf 81' lang='lat'><strong><em>‘</em></strong></span> <span class='ocrx_word' id='word_1_172' title='bbox 334 2947 432 3031; x_wconf 84' lang='lat' dir='ltr'><strong>cipue</strong></span> <span class='ocrx_word' id='word_1_173' title='bbox 453 2945 710 3028; x_wconf 88' lang='lat' dir='ltr'><strong>Theopompum.</strong></span> <span class='ocrx_word' id='word_1_174' title='bbox 754 2946 797 3006; x_wconf 81' lang='lat' dir='ltr'><strong>At</strong></span> <span class='ocrx_word' id='word_1_175' title='bbox 819 2945 1055 3008; x_wconf 81' lang='lat' dir='ltr'><strong>Demosthenes</strong></span> <span class='ocrx_word' id='word_1_176' title='bbox 1079 2958 1112 3009; x_wconf 89' lang='lat' dir='ltr'><strong>et</strong></span> <span class='ocrx_word' id='word_1_177' title='bbox 1128 2947 1241 3009; x_wconf 85' lang='lat' dir='ltr'><strong>Cicero</strong></span> <span class='ocrx_word' id='word_1_178' title='bbox 1266 2973 1340 3012; x_wconf 85' lang='lat' dir='ltr'><strong>mo-</strong></span> 
     </span>
    </p>
   </div>
   <div class='ocr_carea' id='block_1_3' title="bbox 219 3051 1341 3784">
    <p class='ocr_par' dir='ltr' id='par_1_4' title="bbox 291 3051 1340 3251">
     <span class='ocr_line' id='line_1_24' title="bbox 291 3051 1339 3139; baseline 0.002 -21"><span class='ocrx_word' id='word_1_179' title='bbox 291 3073 296 3084; x_wconf 84' lang='grc'><strong>’</strong></span> <span class='ocrx_word' id='word_1_180' title='bbox 334 3055 408 3118; x_wconf 90' lang='lat' dir='ltr'><strong>dice</strong></span> <span class='ocrx_word' id='word_1_181' title='bbox 434 3062 649 3139; x_wconf 66' lang='lat' dir='ltr'><strong>respeserunt</strong></span> <span class='ocrx_word' id='word_1_182' title='bbox 676 3052 716 3113; x_wconf 90' lang='lat' dir='ltr'><strong>ad</strong></span> <span class='ocrx_word' id='word_1_183' title='bbox 739 3051 825 3114; x_wconf 90' lang='lat' dir='ltr'><strong>hanc</strong></span> <span class='ocrx_word' id='word_1_184' title='bbox 847 3064 981 3136; x_wconf 86' lang='lat' dir='ltr'><strong>partem.</strong></span> <span class='ocrx_word' id='word_1_185' title='bbox 1023 3054 1156 3124; x_wconf 87' lang='lat' dir='ltr'><strong>Namet</strong></span> <span class='ocrx_word' id='word_1_186' title='bbox 1180 3068 1339 3120; x_wconf 86' lang='lat' dir='ltr'><strong>coeuntes</strong></span> 
     </span>
     <span class='ocr_line' id='line_1_25' title="bbox 333 3157 1340 3251; baseline 0.003 -27"><span class='ocrx_word' id='word_1_187' title='bbox 333 3161 470 3242; x_wconf 85' lang='lat' dir='ltr'><strong>literae,</strong></span> <span class='ocrx_word' id='word_1_188' title='bbox 503 3181 587 3242; x_wconf 87' lang='lat' dir='ltr'><strong>quae</strong></span> <span class='ocrx_word' id='word_1_189' title='bbox 607 3161 797 3251; x_wconf 53' lang='grc' dir='ltr'><strong><em>φυναλοιφὴ</em></strong></span> <span class='ocrx_word' id='word_1_190' title='bbox 815 3160 860 3238; x_wconf 82' lang='lat'><strong>**)</strong></span> <span class='ocrx_word' id='word_1_191' title='bbox 888 3157 1030 3238; x_wconf 84' lang='lat' dir='ltr'><strong>dieitur,</strong></span> <span class='ocrx_word' id='word_1_192' title='bbox 1065 3161 1340 3227; x_wconf 84' lang='lat' dir='ltr'><strong>etiamleuiorem</strong></span> 
     </span>
    </p>

    <p class='ocr_par' dir='ltr' id='par_1_5' title="bbox 219 3252 1341 3784">
     <span class='ocr_line' id='line_1_26' title="bbox 296 3252 1339 3350; baseline 0.002 -18"><span class='ocrx_word' id='word_1_193' title='bbox 296 3309 302 3316; x_wconf 92' lang='lat'><em>-</em></span> <span class='ocrx_word' id='word_1_194' title='bbox 334 3270 462 3332; x_wconf 82' lang='lat' dir='ltr'><strong>faciunt</strong></span> <span class='ocrx_word' id='word_1_195' title='bbox 492 3252 697 3346; x_wconf 75' lang='lat' dir='ltr'><strong>orationem,</strong></span> <span class='ocrx_word' id='word_1_196' title='bbox 736 3289 834 3350; x_wconf 90' lang='lat' dir='ltr'><strong>quam</strong></span> <span class='ocrx_word' id='word_1_197' title='bbox 866 3265 893 3328; x_wconf 90' lang='lat' dir='ltr'><strong>si</strong></span> <span class='ocrx_word' id='word_1_198' title='bbox 920 3269 1027 3330; x_wconf 86' lang='lat' dir='ltr'><strong>omnia</strong></span> <span class='ocrx_word' id='word_1_199' title='bbox 1059 3271 1157 3332; x_wconf 83' lang='lat' dir='ltr'><strong>verba</strong></span> <span class='ocrx_word' id='word_1_200' title='bbox 1184 3291 1243 3330; x_wconf 85' lang='lat' dir='ltr'><strong>suo</strong></span> <span class='ocrx_word' id='word_1_201' title='bbox 1273 3273 1339 3334; x_wconf 85' lang='lat' dir='ltr'><strong>line</strong></span> 
     </span>
     <span class='ocr_line' id='line_1_27' title="bbox 253 3373 1338 3458; baseline 0.001 -17"><span class='ocrx_word' id='word_1_202' title='bbox 253 3439 263 3458; x_wconf 33' lang='lat' dir='ltr'>x</span> <span class='ocrx_word' id='word_1_203' title='bbox 335 3378 548 3451; x_wconf 77' lang='lat' dir='ltr'><strong>eludantur3.</strong></span> <span class='ocrx_word' id='word_1_204' title='bbox 575 3385 608 3438; x_wconf 91' lang='lat' dir='ltr'><strong>et</strong></span> <span class='ocrx_word' id='word_1_205' title='bbox 629 3373 885 3458; x_wconf 86' lang='lat' dir='ltr'><strong>&#39;nonnumquam</strong></span> <span class='ocrx_word' id='word_1_206' title='bbox 922 3375 1035 3436; x_wconf 85' lang='lat' dir='ltr'><strong>hiulca</strong></span> <span class='ocrx_word' id='word_1_207' title='bbox 1069 3377 1166 3438; x_wconf 85' lang='lat' dir='ltr'><strong>etiam</strong></span> <span class='ocrx_word' id='word_1_208' title='bbox 1196 3377 1338 3458; x_wconf 89' lang='lat' dir='ltr'><strong>decent,</strong></span> 
     </span>
     <span class='ocr_line' id='line_1_28' title="bbox 333 3482 1341 3570; baseline -0.003 -20"><span class='ocrx_word' id='word_1_209' title='bbox 333 3484 530 3568; x_wconf 85' lang='lat' dir='ltr'><strong>faciuntque</strong></span> <span class='ocrx_word' id='word_1_210' title='bbox 549 3482 704 3565; x_wconf 90' lang='lat' dir='ltr'><strong>ampliora</strong></span> <span class='ocrx_word' id='word_1_211' title='bbox 725 3483 906 3566; x_wconf 84' lang='lat' dir='ltr'><strong>quaedam,</strong></span> <span class='ocrx_word' id='word_1_212' title='bbox 937 3493 993 3545; x_wconf 86' lang='lat' dir='ltr'><strong>ut:</strong></span> <span class='ocrx_word' id='word_1_213' title='bbox 1032 3487 1171 3570; x_wconf 65' lang='lat' dir='ltr'><strong>Pulelrra</strong></span> <span class='ocrx_word' id='word_1_214' title='bbox 1194 3489 1341 3550; x_wconf 78' lang='lat' dir='ltr'><strong>oratione</strong></span> 
     </span>
     <span class='ocr_line' id='line_1_29' title="bbox 219 3565 1340 3678; baseline -0.002 -22"><span class='ocrx_word' id='word_1_215' title='bbox 219 3615 223 3640; x_wconf 76' lang='lat'>¹</span> <span class='ocrx_word' id='word_1_216' title='bbox 326 3608 407 3656; x_wconf 71' lang='lat' dir='ltr'><strong>&#39;acta</strong></span> <span class='ocrx_word' id='word_1_217' title='bbox 424 3596 552 3656; x_wconf 79' lang='lat' dir='ltr'><strong>onznino</strong></span> <span class='ocrx_word' id='word_1_218' title='bbox 567 3594 696 3674; x_wconf 77' lang='lat' dir='ltr'><strong>jactare.</strong></span> <span class='ocrx_word' id='word_1_219' title='bbox 740 3591 824 3653; x_wconf 86' lang='lat' dir='ltr'><strong>Tum</strong></span> <span class='ocrx_word' id='word_1_220' title='bbox 844 3565 1037 3674; x_wconf 72' lang='lat' dir='ltr'><strong>longae&#39;per</strong></span> <span class='ocrx_word' id='word_1_221' title='bbox 1055 3613 1089 3652; x_wconf 90' lang='lat' dir='ltr'><strong>se</strong></span> <span class='ocrx_word' id='word_1_222' title='bbox 1109 3600 1141 3654; x_wconf 89' lang='lat' dir='ltr'><strong>et</strong></span> <span class='ocrx_word' id='word_1_223' title='bbox 1159 3591 1250 3656; x_wconf 86' lang='lat' dir='ltr'><strong>velut</strong></span> <span class='ocrx_word' id='word_1_224' title='bbox 1268 3597 1340 3678; x_wconf 84' lang='lat' dir='ltr'><strong>opi-</strong></span> 
     </span>
     <span class='ocr_line' id='line_1_30' title="bbox 335 3689 1340 3784; baseline 0 -20"><span class='ocrx_word' id='word_1_225' title='bbox 335 3722 406 3764; x_wconf 87' lang='lat' dir='ltr'><strong>mae</strong></span> <span class='ocrx_word' id='word_1_226' title='bbox 425 3699 565 3784; x_wconf 86' lang='lat' dir='ltr'><strong>syllabae</strong></span> <span class='ocrx_word' id='word_1_227' title='bbox 586 3697 712 3781; x_wconf 88' lang='lat' dir='ltr'><strong>aliquid</strong></span> <span class='ocrx_word' id='word_1_228' title='bbox 730 3698 828 3762; x_wconf 86' lang='lat' dir='ltr'><strong>etiam</strong></span> <span class='ocrx_word' id='word_1_229' title='bbox 845 3696 945 3760; x_wconf 87' lang='lat' dir='ltr'><strong>medii</strong></span> <span class='ocrx_word' id='word_1_230' title='bbox 963 3696 1119 3782; x_wconf 88' lang='lat' dir='ltr'><strong>temporis</strong></span> <span class='ocrx_word' id='word_1_231' title='bbox 1136 3697 1222 3760; x_wconf 88' lang='lat' dir='ltr'><strong>inter</strong></span> <span class='ocrx_word' id='word_1_232' title='bbox 1239 3689 1340 3764; x_wconf 73' lang='lat' dir='ltr'><strong>roca-</strong></span> 
     </span>
    </p>
   </div>
   <div class='ocr_carea' id='block_1_4' title="bbox 369 3919 1340 4092">
    <p class='ocr_par' dir='ltr' id='par_1_6' title="bbox 369 3919 1340 4092">
     <span class='ocr_line' id='line_1_31' title="bbox 369 3919 1340 3997; baseline 0.002 -17"><span class='ocrx_word' id='word_1_233' title='bbox 369 3925 396 3997; x_wconf 87' lang='lat'><strong>*)</strong></span> <span class='ocrx_word' id='word_1_234' title='bbox 421 3925 495 3980; x_wconf 86' lang='lat' dir='ltr'><strong>Cavo</strong></span> <span class='ocrx_word' id='word_1_235' title='bbox 522 3927 547 3978; x_wconf 93' lang='grc'>0</span> <span class='ocrx_word' id='word_1_236' title='bbox 572 3934 601 3980; x_wconf 90' lang='lat' dir='ltr'><strong>et</strong></span> <span class='ocrx_word' id='word_1_237' title='bbox 624 3927 666 3990; x_wconf 82' lang='lat' dir='ltr'><strong>V,</strong></span> <span class='ocrx_word' id='word_1_238' title='bbox 693 3919 789 3996; x_wconf 83' lang='lat' dir='ltr'><strong>patulo</strong></span> <span class='ocrx_word' id='word_1_239' title='bbox 812 3921 846 3976; x_wconf 80' lang='lat' dir='ltr'><strong>l.</strong></span> <span class='ocrx_word' id='word_1_240' title='bbox 889 3922 931 3978; x_wconf 83' lang='lat' dir='ltr'><strong>Cl.</strong></span> <span class='ocrx_word' id='word_1_241' title='bbox 957 3939 1021 3996; x_wconf 79' lang='lat' dir='ltr'><strong>prae</strong></span> <span class='ocrx_word' id='word_1_242' title='bbox 1040 3921 1099 3978; x_wconf 82' lang='lat' dir='ltr'><strong>aliia</strong></span> <span class='ocrx_word' id='word_1_243' title='bbox 1117 3925 1198 3982; x_wconf 86' lang='lat' dir='ltr'><strong>Diou.</strong></span> <span class='ocrx_word' id='word_1_244' title='bbox 1218 3927 1340 3984; x_wconf 73' lang='lat' dir='ltr'><strong>ttaticae.</strong></span> 
     </span>
     <span class='ocr_line' id='line_1_32' title="bbox 424 4016 1030 4092; baseline -0.003 -18"><span class='ocrx_word' id='word_1_245' title='bbox 424 4021 468 4074; x_wconf 85' lang='lat' dir='ltr'><strong>De</strong></span> <span class='ocrx_word' id='word_1_246' title='bbox 486 4035 574 4092; x_wconf 88' lang='lat' dir='ltr'><strong>comp.</strong></span> <span class='ocrx_word' id='word_1_247' title='bbox 593 4019 667 4074; x_wconf 83' lang='lat' dir='ltr'><strong>verb.</strong></span> <span class='ocrx_word' id='word_1_248' title='bbox 685 4038 711 4090; x_wconf 85' lang='lat' dir='ltr'><strong>p.</strong></span> <span class='ocrx_word' id='word_1_249' title='bbox 732 4017 843 4088; x_wconf 69' lang='lat'><strong>74-78·</strong></span> <span class='ocrx_word' id='word_1_250' title='bbox 863 4019 907 4072; x_wconf 89' lang='lat' dir='ltr'><strong>ed.</strong></span> <span class='ocrx_word' id='word_1_251' title='bbox 927 4016 1030 4074; x_wconf 80' lang='lat' dir='ltr'><strong>lleiske.</strong></span> 
     </span>
    </p>
   </div>
   <div class='ocr_carea' id='block_1_5' title="bbox 322 4112 794 4188">
    <p class='ocr_par' dir='ltr' id='par_1_7' title="bbox 322 4112 794 4188">
     <span class='ocr_line' id='line_1_33' title="bbox 322 4112 794 4188; baseline -0.032 -8"><span class='ocrx_word' id='word_1_252' title='bbox 322 4169 329 4180; x_wconf 74' lang='lat'>.</span> <span class='ocrx_word' id='word_1_253' title='bbox 358 4113 398 4188; x_wconf 76' lang='lat'><strong>**)</strong></span> <span class='ocrx_word' id='word_1_254' title='bbox 423 4113 602 4184; x_wconf 72' lang='grc' dir='ltr'><strong>Συναλοιφή</strong></span> <span class='ocrx_word' id='word_1_255' title='bbox 620 4115 638 4169; x_wconf 86' lang='lat' dir='ltr'><strong>i.</strong></span> <span class='ocrx_word' id='word_1_256' title='bbox 657 4131 684 4171; x_wconf 87' lang='lat' dir='ltr'><strong>e.</strong></span> <span class='ocrx_word' id='word_1_257' title='bbox 697 4112 794 4170; x_wconf 67' lang='lat' dir='ltr'><strong>eluto.</strong></span> 
     </span>
    </p>
   </div>
   <div class='ocr_carea' id='block_1_6' title="bbox 0 0 1426 4874">
    <p class='ocr_par' dir='ltr' id='par_1_8' title="bbox 0 0 1426 4874">
     <span class='ocr_line' id='line_1_34' title="bbox 0 0 1426 4874; baseline 0 0"><span class='ocrx_word' id='word_1_258' title='bbox 0 0 1426 4874; x_wconf 95' lang='lat' dir='ltr'><strong> </strong></span> 
     </span>
    </p>
   </div>
  </div>
 </body>
</html>
