2814 4872
552 567 755 638 Quintilianus.
798 565 886 638 (lust
908 565 945 619 orss
967 565 987 618 l.
1008 564 1056 620 xl.
1079 580 1112 618 c·
1128 561 1173 633 r.)

380 749 384 760 ι
419 671 536 733 Parata
559 669 717 732 lbcultate
739 666 904 738 scribendi
927 665 1188 750 cogitandique,
1223 664 1360 748 proxima

192 813 198 824 “
307 819 311 829 ·
344 788 411 844 ‘est
433 799 532 855 cura,
563 777 602 838 'ut
625 777 771 839 dicamus
790 790 860 862 apte
869 802 882 846 ;
915 797 1014 858 quam
1033 775 1198 838 virtutem
1217 767 1361 856 quartam

342 879 556 976 elocutionis
589 886 699 946 Cicero
724 882 994 966 demonstrat*),
1029 904 1185 966 quaeque
1217 891 1268 943 est
1298 902 1359 942 ineo

247 659 256 701 t

355 993 479 1081 jndicio
510 992 647 1072 maxime
679 991 873 1070 necessaria.
926 991 1013 1054 Nem·
1039 1013 1114 1052 cum
1145 989 1193 1052 sit
1233 999 1358 1052 ornatus

354 1103 516 1168 orationis
533 1101 643 1166 varius
661 1111 694 1164 et
710 1100 899 1182 multiplex,
924 1098 1168 1182 conveniatque
1185 1097 1275 1160 alius
1291 1097 1357 1169 elii5

355 1213 421 1275 nisi
445 1211 546 1274 luerit
569 1208 833 1292 accommodatus
854 1209 951 1270 rebus
970 1219 1070 1291 atque
1089 1209 1269 1290 personis,
1301 1229 1358 1268 non

134 1323 139 1342 '
236 1383 244 1394 ,
310 1399 312 1404 Α
355 1315 845 1412 modosnonillustrnbiteum
876 1315 1048 1378 sedetiam
1070 1315 1358 1388 destructorum

354 1450 465 1492 rerum
481 1427 515 1488 in
531 1425 737 1488 contrarium
750 1433 864 1488 vertet.
908 1423 996 1504 Quid
1014 1423 1102 1486 enim
1117 1423 1273 1506 prodest,
1296 1443 1358 1484 esse

354 1535 454 1600 rerba
477 1544 510 1596 et
531 1533 634 1594 latinu
656 1544 689 1596 et
706 1531 923 1615 significantia
943 1543 975 1594 et
991 1530 1107 1610 nitida,
1131 1531 1253 1615 figuris
1270 1531 1356 1594 etiarn

304 1715 308 1722 .
355 1642 568 1725 numerisque
589 1639 773 1718 elaborata,
796 1641 861 1702 nisi
882 1663 957 1702 cum
976 1639 1038 1720 iis,
1062 1640 1096 1700 in
1115 1662 1204 1722 quae
1224 1639 1356 1722 judicem

355 1751 432 1814 duci
469 1749 671 1832 formarique
701 1748 875 1827 volumus,
922 1747 1163 1813 consentienti
1202 1748 1232 1809 si
1265 1765 1354 1831 genos

356 1844 495 1922 sirblime
517 1858 650 1920 dicendi
676 1858 785 1940 parvis
810 1858 843 1920 in
871 1853 1011 1936 causis„
1030 1875 1169 1940 parsum
1197 1858 1364 1924 limatum,

355 1987 420 2051 que
441 1967 637 2051 grandibus,
660 1966 976 2044 luetumxtristibus,
998 1965 1072 2029 lenc
1092 1966 1233 2050 asperis,
1257 1965 1355 2026 minax

355 2076 579 2158 supplicibus,
612 2075 821 2138 summissum
844 2075 1040 2153 concitatis,
1071 2083 1147 2136 trux
1170 2086 1275 2160 atque
1294 2072 1353 2136 vio-

353 2182 481 2248 lentum
497 2183 654 2270 jucundis
677 2184 908 2248 adhibeamus?
923 2168 976 2246 ¹ut
991 2183 1169 2245 monilibus
1187 2197 1221 2248 et
1240 2203 1354 2264 marga·

353 2290 426 2354 ritis
445 2313 483 2355 nc
501 2303 592 2356 veste
609 2295 723 2376 longa,
745 2313 829 2375 quae
846 2302 925 2353 sunt
941 2303 1132 2354 ornamenta
1148 2294 1350 2365 feminarum,

354 2399 579 2463 deformentur
597 2399 682 2472 viri;
706 2421 767 2462 nec
786 2397 916 2459 habitus
934 2399 1161 2484 triumphalis,
1188 2425 1260 2486 quo
1282 2393 1353 2460 nibil

356 2505 533 2587 excogitari
550 2506 867 2590 potest-augustius,
899 2506 1040 2568 feminas.
1056 2507 1178 2571 deceat.
1189 2527 1243 2558 ·-
1286 2509 1354 2570 Nam

356 2622 492 2673 ornatus
512 2595 616 2672 omnis
636 2633 703 2671 non
721 2621 787 2672 tam
804 2633 875 2690 sua,
899 2633 997 2695 quam
1014 2615 1085 2690 rei,
1103 2616 1157 2677 cui
1175 2618 1353 2685 adhibetur,
1393 2593 1394 2658 l

299 2715 304 2722 ’
357 2718 548 2781 conditione
563 2719 712 2790 constan
737 2719 885 2802 necplus
900 2721 1012 2800 refert,
1037 2723 1118 2804 quid
1133 2723 1239 2802 dicas,
1264 2739 1351 2807 quam
1393 2669 1394 2759 l

356 2847 423 2910 quo
440 2825 524 2888 loco.
566 2826 629 2889 Sed
647 2835 754 2888 totum
772 2826 853 2906 boc,
875 2821 1069 2913 apte'dicere
1078 2878 1092 2906 ,
1113 2855 1178 2894 non
1196 2829 1351 2896 elocutio·

355 2935 407 3001 nis
428 2944 557 2998 tantum
585 2955 703 3019 genere
726 2925 873 3014 constat,
909 2936 967 2998 sed
996 2949 1046 3000 est
1077 2962 1152 3002 cum
1177 2941 1350 3004 inventione

294 3095 301 3110 t
356 3065 531 3108 commune
556 3039 676 3122 **).'-··
727 3044 819 3106 Illud
850 3055 899 3106 est
931 3045 1120 3129 diligentius
1152 3049 1349 3118 docendum,

356 3173 431 3216 cnm
457 3151 586 3214 demum
609 3150 719 3216 dicere
741 3162 835 3236 apte,
870 3151 927 3237 qni
958 3178 1023 3217 non
1051 3155 1164 3218 'solum
1190 3159 1245 3237 id,
1281 3145 1350 3238 quid

356 3260 529 3350 expediat,
559 3260 617 3323 sed
638 3271 671 3324 et
691 3261 772 3345 quid
791 3261 922 3338 deceat,
951 3264 1139 3351 inspexerit.
1156 3303 1197 3316 -·
1220 3303 1260 3317 -
1300 3261 1351 3324 Est

391 3539 417 3611 1”)
447 3542 791 3610 seoccultare.
815 3559 853 3598 ro.
871 3543 921 3598 ubi
940 3545 1037 3600 Cicero
1055 3545 1109 3600 ito:
1139 3545 1261 3620 Quinam
1279 3543 1352 3613 igitur

443 3635 554 3691 dicendi
572 3647 613 3692 est
628 3639 727 3694 modus
745 3641 857 3706 melior,
882 3657 965 3714 quam
984 3652 1016 3696 ut
1033 3643 1134 3708 latine,
1159 3653 1192 3698 ut
1209 3646 1306 3717 plane,
1324 3643 1352 3686 ut

446 3741 551 3799 ornate,
570 3744 603 3788 ut
621 3733 661 3788 ad
676 3734 723 3800 id,
742 3735 933 3812 quodcumque
951 3729 1061 3810 agetur,
1081 3751 1143 3809 epte
1159 3747 1353 3812 congruenter-

444 3845 497 3898 que
518 3826 652 3886 dicamur.
672 3899 679 3912 ι
802 3839 809 3872 ¹

379 3917 420 3990 **)
443 3919 483 3972 Cf·
506 3934 591 3992 caput
612 3926 780 3996 proximum,
808 3947 865 4002 quo
886 3926 1030 3984 doctrines
1050 3928 1085 3983 ds
1106 3905 1225 3986 misterio
1247 3917 1350 3984 dicendi
1389 3905 1390 3966 Ῐ

446 4017 571 4071 universe
592 4037 696 4072 summo
716 4021 883 4098 continetur.
1389 4047 1390 4106 p

1389 4109 1390 4155 l
