2942 4864
825 393 909 518 ³20

368 593 483 656 animis
502 592 547 668 ii,
580 590 639 675 qui
657 591 809 668 audient,
845 589 944 672 magis
961 600 994 652 et
1011 588 1145 671 propius
1162 589 1366 664 accesserit,

367 704 395 764 is
415 702 526 762 vincat
554 721 686 763 neeesse
711 709 768 763 est.
810 699 882 760 Non
914 695 1001 758 enim
1023 695 1284 782 argumentando
1308 697 1368 756 hoc

367 829 467 891 genus
484 816 664 880 tractetur,
688 804 743 867 sed
759 815 923 888 tamquam
941 803 1133 888 explicando
1149 805 1370 866 excutiendo·

366 937 430 998 que
449 917 564 977 verbo:
597 927 633 976 ut
652 915 679 975 si
700 915 732 973 in
755 935 828 991 reo,
852 913 992 996 pecunia
1017 912 1163 974 absoluto
1180 934 1370 994 rursusque

365 1035 536 1100 revocato,
574 1021 884 1106 praevaricationem
913 1030 1094 1082 accusator.
1117 1040 1185 1080 csse
1213 1021 1368 1094 deliniat,

365 1151 494 1192 omnem
524 1127 639 1212 judicii
664 1127 881 1210 corruptelam
904 1128 944 1188 ab
972 1149 1048 1203 reo,·
1079 1125 1233 1188 defensor
1255 1137 1369 1188 autem

366 1257 431 1298 non
453 1257 600 1310 omnem,
638 1235 694 1296 sed
718 1235 943 1296 tantummodo
967 1233 1167 1296 accusatoris
1190 1244 1371 1318 corrupte-

365 1343 429 1404 lam
446 1344 484 1403 ab
503 1363 567 1402 reo.
608 1342 659 1402 sit
676 1362 751 1424 ergo
767 1340 847 1402 haec
860 1343 1035 1420 'contentio
1056 1342 1158 1425 prima
1174 1343 1368 1416 verborum,

364 1449 398 1508 in
434 1471 497 1532 que
532 1449 658 1511 etiamsi
684 1449 818 1531 propius
851 1449 985 1512 accedat
1016 1449 1057 1510 ad
1089 1450 1370 1512 consuetudinem

364 1567 571 1639 mentemque
589 1557 748 1618 sermonis
765 1557 944 1618 defensoris
962 1556 1119 1632 definitio,
1142 1568 1250 1619 tamen
1268 1581 1368 1620 aecu-

364 1675 452 1727 sator
469 1665 632 1726 sententia
648 1665 726 1746 legis
746 1666 872 1726 nititur.
903 1667 1004 1750 Negat
1021 1665 1107 1726 enim
1122 1667 1250 1748 probari
1272 1687 1370 1750 opor·

364 1772 444 1849 teri,
474 1792 548 1846 eos,
582 1773 638 1854 qui
660 1772 746 1854 leges
767 1773 989 1854 scripserunt,
1011 1777 1117 1832 ratum
1136 1772 1254 1834 habere
1277 1773 1368 1857 judi·

363 1880 472 1956 cium,
511 1879 536 1938 si
567 1890 671 1942 totum
705 1890 893 1962 corruptum
925 1879 966 1944 sit
978 1906 986 1953 ς
1029 1881 1057 1939 si
1079 1900 1163 1940 unus
1186 1893 1368 1944 accusator

363 1995 537 2069 corruptus
567 1988 630 2064 sit,
662 1987 868 2050 rescindere:
893 1988 920 2066 *)
960 1988 1078 2053 nititur
1102 1989 1294 2070 aequitate3
1329 2000 1365 2050 ut

361 2094 419 2154 illa
447 2092 540 2176 quasi
574 2095 744 2158 scribenda
768 2095 821 2158 lex
849 2095 897 2156 sic
926 2107 1030 2171 esset,
1073 2117 1222 2178 quaeque
1249 2105 1362 2158 tamen

361 2201 637 2286 complecteretur
661 2203 694 2264 in
720 2203 849 2287 judiciis
883 2203 1063 2285 corruptis,
1094 2225 1131 2265 ea
1160 2203 1258 2264 verbo
1293 2223 1361 2264 ano

334 2312 649 2394 vpraeuaricationis
684 2311 966 2394 comprehendisse
1005 2310 1136 2372 dicitur.
1196 2309 1360 2372 Defensor

362 2427 468 2478 autem
485 2425 624 2478 testatur
638 2417 910 2480 consuetudinem
928 2419 1097 2496 sermonis,
1116 2419 1273 2502 verbique
1292 2419 1357 2480 rim

362 2545 401 2586 ex
429 2523 592 2584 contrario
618 2523 757 2606 reperiet
786 2525 879 2606 quasi
907 2547 946 2586 ex
969 2548 1044 2587 vero
1062 2539 1268 2606 accusatore,
1301 2527 1355 2588 cui

361 2629 559 2690 contrarium
593 2642 643 2691 est
671 2651 788 2694 nomen
817 2631 1125 2714 praevaricationis:
1168 2657 1207 2697 ex
1237 2657 1356 2698 conse·

361 2738 560 2819 quentilius,
592 2737 681 2820 quod
701 2760 736 2800 ea
760 2739 857 2807 litera
879 2739 919 2801 de
939 2749 1129 2806 accusatore
1155 2745 1257 2806 soleat
1285 2744 1353 2806 dari

358 2841 480 2928 judici;
505 2866 543 2907 ex
562 2846 694 2908 nourine
707 2847 805 2930 ipso,
831 2848 920 2931 quod
941 2848 1102 2933 significat
1122 2873 1217 2930 enm,
1241 2853 1299 2935 qui
1319 2854 1350 2912 in

359 2951 531 3014 contrariis
557 2955 664 3016 causis
693 2957 786 3038 quasi
811 2958 927 3038 rar[i]e
956 2949 1024 3021 esse
1046 2959 1172 3042 positus
1194 2960 1349 3025 videatur.

356 3061 420 3124 Sed
447 3061 523 3123 huic
548 3071 654 3123 tamen
684 3063 746 3146 ipsi
766 3065 1019 3148 confugiendum
1042 3080 1093 3130 est
1114 3067 1157 3128 ad
1174 3069 1348 3150 aequitatis

356 3168 466 3247 locos,
499 3169 661 3232 adrerum
677 3145 892 3255 jaldicatarum
910 3173 1159 3252 auctoritatem,
1191 3175 1231 3235 ad
1252 3177 1348 3238 linem

357 3276 498 3360 aliquem
523 3278 678 3360 periculi:
717 3300 955 3362 communeque
977 3281 1020 3343 sit
1040 3281 1101 3344 hoc
1120 3296 1345 3366 praeceptum,

355 3397 412 3470 ut,
447 3405 549 3467 quum
567 3393 706 3468 uterque
722 3386 902 3468 definierit,
934 3411 1032 3471 quam
1050 3390 1184 3453 maxime
1203 3392 1347 3472 potuerit

355 3491 396 3552 ad
426 3513 631 3574 communem
651 3513 788 3555 sensum
814 3495 945 3580 vimque
971 3498 1060 3560 verbi
1088 3508 1158 3560 tum
1185 3500 1345 3562 similibus

356 3599 575 3684 exemplisque
591 3621 722 3678 eorum,
756 3603 813 3686 qui
832 3603 875 3670 ita
895 3605 1027 3688 loquuti
1045 3615 1144 3684 sunt,
1179 3628 1270 3668 suam
1290 3608 1346 3670 de·

355 3702 535 3767 finitionem
555 3711 816 3794 sententiamque
833 3715 1013 3776 confirmet.
1031 3751 1068 3764 -
1092 3751 1146 3772 -.

354 3857 700 3876 Μ

395 3957 420 4028 “)
445 3959 532 4011 Locus
553 3956 695 4016 manifeste
719 3977 868 4039 contiptus.
904 3967 966 4037 Quo
987 3970 1068 4022 modo
1088 3971 1271 4026 restituendus
1289 3974 1339 4033 sit,

441 4069 495 4108 uon
511 4063 625 4108 constat.
663 4047 738 4110 illud
755 4072 877 4126 eertum,
897 4071 957 4134 post
972 4065 1123 4120 rescindere
1138 4065 1339 4122 distinctionem

439 4148 599 4224 ponendam.
635 4151 756 4204 Ernesti.
