2888 4876
795 425 830 472 Ν

316 608 419 700 nepta
447 599 648 694 rhetorica,
674 623 695 672 e
721 599 822 672 tibris
846 567 1083 690 Aristotelis,
1112 595 1307 691 Ciceronis,
1342 603 1347 620 “

320 723 559 816 Quintiliani,
594 721 771 796 Demetrii
797 733 832 796 et
854 721 1013 823 Lonpini
1033 722 1184 802 eoiieeta
1194 774 1208 814 ,
1240 725 1308 794 dis·

312 849 431 946 posita
447 849 654 947 passimque
675 846 872 946 suppleta·
904 844 1025 944 aliqua
1050 873 1094 918 ex
1116 856 1218 944 parte
1239 872 1310 916 mo-
1439 931 1440 934 Ἴ

313 968 419 1042 litum
436 995 514 1042 esse
533 979 684 1042 constat.
735 949 799 1040 Ab
819 993 862 1041 eo
885 995 986 1064 vero,
1011 979 1183 1068 quantum
1201 996 1321 1070 quum

316 1093 453 1166 ambitu
486 1103 521 1168 et
547 1093 721 1166 varietate
747 1119 889 1188 rerem,
927 1103 1004 1166 tum
1030 1095 1157 1168 ordine
1180 1120 1221 1165 ae
1244 1093 1312 1166 dis·

315 1217 493 1314 positione
515 1217 553 1288 in
571 1215 640 1288 hoe
659 1241 740 1309 meo
762 1215 1026 1314 opereabsim,
1051 1218 1168 1317 primo
1190 1217 1311 1291 statim

260 1343 262 1346 ’
316 1340 447 1411 intuitu
461 1349 632 1438 appareat
647 1365 793 1413 neeesse
807 1350 873 1413 est.
910 1339 1076 1440 Namque
1092 1369 1166 1415 non
1181 1341 1311 1436 solum,

316 1463 411 1562 (quo
445 1465 591 1563 quidem
625 1463 682 1537 vir
710 1464 771 1536 ille
803 1463 1034 1538 doctissimus
1062 1450 1312 1564 supersedit),

311 1586 530 1662 aesthetioes
562 1592 752 1664 aniversae
810 1589 1012 1662 doetrinam
1066 1588 1313 1688 attingendam
1400 1597 1405 1602 '

309 1711 460 1810 putavi,
486 1711 551 1785 sed
570 1722 607 1786 et
623 1716 800 1814 intepram
813 1717 995 1814 poetieam
1017 1712 1201 1810 amplexus
1220 1738 1312 1806 sum,

309 1847 424 1934 'atqne
458 1835 606 1934 insuper
643 1837 688 1912 de
730 1841 789 1910 via
822 1863 866 1910 aa
902 1841 1041 1910 ratione
1077 1838 1313 1936 comparandi

307 1963 405 2030 artis
428 1959 615 2040 literariae
636 1959 880 2060 sanititatem,
918 1975 1011 2061 qnae
1030 1961 1186 2058 potioria
1207 1959 1312 2054 duxi,

309 2095 505 2182 praesepta
529 2085 699 2185 colligere
723 2085 824 2159 volui
845 2083 891 2185 Ἴ.
941 2087 1139 2158 Praeterea
1166 2108 1312 2176 omnes,

315 2207 378 2306 qui
398 2209 544 2308 quidem
562 2209 702 2284 classici
730 2207 858 2277 haberi
878 2213 1168 2303 consueverunt,
1194 2213 1313 2278 aneto

307 2349 397 2423 res,
443 2332 565 2426 piures
600 2317 745 2427 qaoque
778 2327 927 2404 serioris
963 2331 1117 2424 aetatis,
1160 2355 1313 2429 quorum

309 2433 411 2522 eirea
438 2451 534 2525 hane
560 2453 750 2526 materiam
783 2453 925 2549 scripta·
948 2453 1179 2550 accepimus,
1219 2437 1313 2546 adii,

306 2598 553 2674 magnamque
573 2601 661 2649 sane
673 2598 799 2649 rerum
817 2577 984 2674 sopiam,
1020 2577 1065 2648 de
1087 2601 1158 2674 qua
1176 2601 1313 2674 eompa-

306 2699 427 2770 mnne
443 2709 581 2773 matarre
601 2701 761 2801 cogitare
783 2701 910 2798 coepi,
944 2701 994 2772 ite
1014 2701 1198 2799 digerrere
1217 2698 1314 2772 laho-

308 2822 411 2917 crasi,
449 2833 490 2894 ut
516 2851 626 2898 annm
644 2825 756 2926 quasi
777 2849 867 2923 opus
892 2850 936 2896 ex
955 2824 1151 2896 ‘multorum
1175 2833 1314 2895 senten·

182 3040 187 3056 „
308 2947 375 3018 aiis
393 2949 592 3022 exsisteret.
642 2953 702 3023 Ex
721 2955 862 3052 praecis
886 2975 960 3022 non
982 2950 1171 3047 pauciora,
1205 2937 1320 3046 quain

233 3063 254 3156 ’,
306 3096 361 3144 ’ex
379 3071 504 3152 latinis
526 3071 688 3144 fontibus
705 3085 896 3172 praesepta
919 3071 1115 3146 adserenda
1133 3097 1212 3144 esse
1236 3096 1314 3143 een·

307 3195 395 3290 {suis
423 3213 532 3294 quum
548 3196 625 3296 jam
648 3195 753 3269 nobis
771 3197 1055 3300 juvenibusque‚
1080 3195 1314 3268 humanitatis

287 3545 290 3566 ¹
377 3481 406 3562 *)
429 3466 657 3566 Wiiiebnrgins
687 3483 721 3544 in
748 3483 833 3544 libro
862 3481 956 3544 modo
988 3479 1118 3556 laudato
1139 3490 1320 3564 praecepta
1392 3507 1395 3514 ·

297 3567 520 3651 ¹solummodo
556 3591 720 3654 rhetorica
756 3600 788 3653 et
827 3613 930 3674 pauca
968 3587 1007 3652 de
1040 3585 1315 3672 pronunciatione

309 3697 458 3760 exhibet.
482 3700 519 3760 In
531 3697 581 3760 his
595 3720 673 3761 vero
685 3697 979 3782 ipsis·Aesthetiea‚
996 3719 1092 3780 quern
1106 3695 1314 3772 nunchebes,

307 3805 606 3888 ·antiqun·eiasrice
621 3801 655 3870 ‘et
668 3807 878 3872 materiarum
895 3801 1026 3876 delectu
1042 3814 1075 3868 et
1089 3801 1315 3886 dispositionis

319 3913 439 3992 ordine
457 3916 496 3980 ab
515 3915 571 3977 iilo
593 3935 690 3998 opere
708 3915 886 3999 plurimum
906 3913 1025 3994 differt.
1067 3913 1173 3974 Plura·
1185 3921 1314 3988 tomen,

318 4043 400 4103 qnae
419 4021 653 4105 Wideburgius
676 4022 864 4106 proposuit,
887 4029 1019 4105 recepta
1043 4021 1202 4086 invenies.
