2814 4872
590 351 646 472 Γ,
685 334 823 466 aaa

260 611 357 652 caasa
378 590 440 652 sui.
482 569 652 669 Invidetur
674 588 763 652 enim
786 585 964 651 commodis
983 585 1156 649 hominum
1180 585 1277 670 ipso-

229 684 232 690 ¹
257 695 331 758 runi
340 723 349 772 ς
385 696 502 758 studiis
532 706 641 758 autem
675 718 789 757 eorum
815 695 933 758 ceteris
962 695 1199 758 commodandi
1224 697 1279 756 fa-

258 816 364 868 vetur.
407 804 659 886 Videndumque
674 803 738 864 hoc
755 802 829 864 loco
846 813 912 881 est,
937 825 990 878 ne,
1013 825 1095 886 quos
1111 804 1153 863 ob
1171 803 1279 864 bene·
1315 837 1322 848 ·

162 909 165 914 ’
212 943 220 955 11
257 913 344 976 facta
366 911 458 995 diligi
484 911 647 988 volemus,
680 933 793 972 eorum
822 911 953 998 laudem
976 921 1079 994 'atque
1104 910 1275 993 glorium,

213 1069 215 1076 ,
259 1021 312 1083 cui
341 1022 476 1082 maxime
504 1021 643 1082 invideri
672 1020 772 1098 solet,
807 1021 903 1080 nimis
937 1020 1051 1102 efferre
1081 1017 1276 1102 vide-amur.
1309 1042 1320 1072 s

258 1129 368 1212 Atque
396 1128 510 1190 iisdem
535 1127 587 1188 his
615 1133 652 1188 cx
679 1128 760 1201 loeis
783 1137 815 1189 et
843 1127 952 1187 odium
976 1127 1010 1186 in
1033 1126 1112 1187 alios
1135 1138 1276 1188 struere

231 1257 245 1280 t
260 1237 443 1314 discemus,
467 1247 499 1299 et
521 1259 538 1294 a
560 1234 653 1296 nobis
672 1257 709 1296 ac
730 1236 851 1297 nostris
868 1235 1058 1297 demovere:
1082 1235 1277 1316 eademque

256 1341 337 1408 haec
352 1367 471 1428 genera
486 1343 657 1404 tractanda
675 1327 751 1414 sunt
767 1345 802 1404 in
819 1343 988 1405 iracundia
1004 1343 1057 1404 vel
1076 1341 1275 1419 excitanda,

152 1447 154 1454 ’
212 1479 213 1484 ’
257 1438 310 1516 vel
349 1452 502 1514 sedanda.
553 1453 633 1513 Nam
668 1451 715 1530 si,
753 1451 842 1536 quod
873 1452 978 1534 ipsis,
1011 1451 1069 1535 qui
1102 1450 1275 1528 audiunt,

257 1561 479 1646 perniciosum
499 1570 555 1621 aut
573 1559 692 1642 inutile
712 1561 773 1639 sit,
799 1561 832 1621 id
848 1563 974 1622 factum
992 1581 1126 1643 augeas,
1150 1559 1276 1620 odium

258 1681 398 1732 creatur.
420 1705 461 1717 --
480 1704 524 1718 -
567 1671 650 1731 ltenr
676 1668 775 1730 timor
799 1669 962 1744 incutitur
982 1680 1037 1731 aut
1058 1689 1095 1730 ex
1117 1666 1276 1749 ipsorum
1306 1686 1308 1691 ·

256 1776 434 1862 periculis,
475 1785 532 1838 aut
571 1797 610 1838 ex
649 1777 887 1838 communibus.
939 1757 1081 1838 Interior
1121 1785 1172 1838 est
1211 1761 1274 1836 ille
1341 1841 1346 1850 ,

256 1875 430 1972 pr'oprius;
456 1884 513 1946 sed
529 1884 584 1944 hic
600 1868 736 1967 ¹quoque
757 1883 939 1946 eommunis
959 1883 999 1942 ad
1017 1883 1154 1944 eandem
1171 1883 1273 1944 simi·
1326 1860 1337 1876 Ι

257 1993 434 2088 li5udinenr
455 1983 505 2056 cst
523 1993 765 2076 perducendus.
810 1998 859 2072 (o.
877 1995 927 2053 Lt.
950 1993 973 2072 5
998 1993 1058 2056 205
1078 1996 1208 2082 seqq.)'

317 2103 380 2162 Par
399 2111 498 2184 atque
522 2122 586 2186 una
606 2101 690 2199 ratio
713 2110 762 2162 est
781 2100 868 2184 spei,
892 2097 1055 2202 laetitiae3
1079 2099 1269 2162 molestiae:

258 2209 316 2272 sed
345 2208 432 2270 haud
463 2211 582 2289 seiam,
625 2232 667 2298 an
697 2209 875 2271 acerrimus
912 2208 1009 2290 longe
1039 2205 1082 2267 sit
1115 2208 1271 2269 oninium

257 2295 366 2380 motus
397 2317 559 2396 invidiae,
604 2340 665 2380 nec
701 2319 809 2389 minus
837 2315 958 2378 virium
986 2337 1067 2398 opus
1098 2315 1142 2378 sit
1158 2291 1271 2378 in‘ea

259 2411 520 2508 comprimenda,
554 2448 652 2508 quam
681 2425 715 2484 in
745 2423 943 2490 excitanda.¹
973 2423 1125 2486 Invident
1153 2433 1270 2500 autem

255 2531 406 2594 homines
432 2532 572 2593 maxime
598 2532 728 2614 paribus
754 2543 810 2592 aut
834 2529 1066 2610 inferioribus,
1099 2553 1202 2616 quum
1232 2555 1269 2596 se

256 2639 392 2700 relictos
424 2637 592 2716 sentiunt,
630 2639 702 2698 illos
730 2647 838 2698 autem
870 2637 982 2715 dolent
1010 2640 1174 2704 evolasse:
1204 2641 1270 2705 sed
1330 2675 1333 2684 ι

258 2745 355 2809 etiam
376 2741 598 2828 superioribus
619 2744 786 2825 invidetur
805 2765 898 2828 saepe
917 2745 1146 2826 vehementer,
1171 2759 1204 2812 et
1223 2767 1267 2812 eo

257 2853 379 2937 magis,
414 2853 692 2932 siintolerantius
715 2875 749 2914 se
766 2843 908 2935 jactant,
942 2863 975 2916 et
996 2855 1267 2938 aequabilitatem

177 3007 186 3016 .
256 2958 338 3046 juris
354 2961 554 3046 praestantia
571 2960 739 3044 dignitatis
754 2968 811 3020 aut
823 2963 974 3024 fortunae
990 2983 1066 3050 suae
1078 2974 1268 3050 transeunt,

188 3119 189 3122 ,
259 3105 298 3118 ..-
320 3102 361 3117 --
403 3071 473 3132 Jam
495 3067 717 3152 misericordia
738 3080 908 3147 movetur,
941 3069 968 3130 si
990 3069 1045 3150 is„
1067 3070 1125 3153 qui
1148 3072 1262 3150 audit,

258 3177 378 3239 adduci
401 3174 537 3262 potestj
559 3186 596 3238 ut
616 3173 690 3253 illa,
724 3197 806 3258 quae
836 3171 875 3239 de
899 3177 1001 3239 altero
1028 3177 1260 3262 deplorentur,

238 3284 297 3346 -ad
323 3307 396 3346 suas
421 3279 472 3358 res
500 3293 653 3362 revocet,
686 3302 766 3366 quas
795 3294 851 3347 aut
879 3285 993 3347 tulerit
1021 3287 1172 3364 acerbas,
1204 3297 1263 3348 aut

256 3390 370 3484 timeat
381 3417 389 3467 ;
429 3403 485 3454 aut
515 3393 648 3478 intuens
667 3390 841 3469 (alterum,
870 3390 993 3454 -c'rebro
1022 3393 1062 3454 ad
1091 3415 1125 3456 se
1152 3394 1261 3477 ipsum

117 3495 129 3510 ⁸
214 3565 216 3568 ,
256 3510 449 3562 revertatur.
504 3505 572 3579 lta,
616 3521 717 3583 quum
755 3499 874 3583 singuli
914 3520 1007 3564 casus
1045 3499 1260 3567 humanarum

256 3606 459 3682 miseriarum
473 3610 614 3692 graviter
629 3609 837 3692 accipiuntur
846 3653 855 3688 ,
879 3607 908 3670 si
922 3607 1081 3670 dicuntur
1091 3591 1257 3690 dolenter,

255 3715 462 3782 tumafflicta
487 3727 520 3779 et
544 3728 707 3799 prostrata
735 3717 840 3782 virtus
864 3717 1001 3780 maxime
1024 3718 1176 3778 luctuosa
1198 3731 1257 3782 est.
1287 3733 1292 3741 ”

255 3828 301 3901 (c.
322 3824 387 3884 Lll.
409 3824 432 3902 5.
451 3843 511 3904 209
528 3829 639 3906 seqq.)
663 3859 701 3872 ·-
744 3824 805 3901 Illa
830 3834 957 3904 autem,
994 3845 1078 3907 quae
1098 3835 1156 3888 aut
1178 3847 1267 3888 cone

256 3931 434 3996 ciliutionis
455 3949 552 3990 causa
570 3931 708 4020 leniter,
740 3943 796 3994 aut
815 3932 1028 4014 permotionis
1048 3933 1257 3998 vehementer

256 4049 414 4126 aguntur,
438 4035 612 4100 contrariis
628 4017 902 4102 commotionibus
921 4040 1082 4103 efferenda
1099 4052 1194 4124 sunt,
1218 4053 1255 4106 ut
