2942 4864
305 570 370 654 γὰρ
393 560 412 642 ά
437 565 592 639 ποιητικὴ
618 561 700 648 ύπδρ
725 562 905 645 ἑξάμετρον
928 555 1054 632 ἦλθεν,
1086 552 1245 637 εἰιμόιιοο
1270 551 1309 616 ἓν
1351 609 1354 614 ,

308 678 442 757 ὀλίγοις.
483 671 614 757 γελοῖον
634 673 698 756 γὰρ
723 672 765 734 τὸ
792 669 912 752 μέτρον
939 666 1083 750 ἄμετρον
1109 663 1218 739 εἶναι,
1233 663 1309 722 «κοιλ

308 781 558 863 καταλήγοντος
584 787 647 842 τοῦ
670 780 790 862 μέτρον
820 774 1042 850 ἐπιλελῆσθαι
1071 773 1180 854 ἡμᾶς,
1210 769 1309 844 ἢύτε

307 890 440 974 ἤρξατο.
483 889 561 951 ούτε
593 887 629 950 δὲ
656 888 698 948 τὸ
725 892 823 980 μῆκος
851 889 919 947 τών
947 881 1059 944 κώλων
1080 878 1207 962 πρέπον
1232 887 1310 952 τοῖς

309 996 420 1079 λόγοις
450 996 509 1061 διά
536 996 599 1068 τὴν
621 994 802 1078 άμετρίαν’
832 993 909 1056 οὔτε
934 990 953 1062 ό
976 989 1149 1072 μικρότης,
1180 983 1312 1048 ἐπείτσι

308 1105 428 1188 γίνοιτ’
447 1105 489 1168 οἷν
511 1107 528 1176 η
547 1103 703 1185 λεγομένη
723 1101 804 1185 ξηρὰ
825 1100 995 1172 σύνθεσις.
1036 1095 1108 1160 οἶον
1131 1096 1149 1172 ἠ
1171 1092 1312 1168 τοιάδε,

309 1210 347 1274 '0
369 1212 437 1294 βίος
454 1212 596 1292 βραχύς,
618 1213 636 1282 ἡ
653 1191 754 1290 τέχνη
771 1208 902 1292 μακρὰ,
923 1205 1071 1290 ὀκαιρὸς
1090 1203 1174 1277 ὀξύς.
1207 1221 1330 1301 κοιτα-ι

312 1317 492 1398 κεκομμένη
510 1316 573 1397 γὰρ
595 1314 736 1386 ἐοίκενὴ
760 1315 919 1388 σύνθεσις
937 1313 994 1373 καὶ
1013 1309 1316 1401 κεκερματισμένη,

312 1424 371 1484 καί
399 1423 711 1506 εὐκαταφρόνητος,
749 1421 809 1482 διὰ
831 1423 872 1483 τὸ
891 1421 992 1504 μικρὰ
1013 1420 1196 1502 σύμπαντα
1213 1417 1315 1499 ἔχειν.

313 1533 420 1610 (Sect.
445 1531 520 1606 lv.)
562 1555 1317 1578 ---------

313 1639 387 1701 Τῶν
405 1637 442 1698 δὲ
461 1642 583 1720 μικρῶν
601 1635 712 1699 κώλσν
727 1638 792 1719 κᾷν
811 1595 983 1710 δεινότητι
1002 1641 1116 1718 χρῆσις
1137 1633 1230 1694 ἐστι·
1252 1630 1320 1692 δει-

315 1742 453 1826 νότερον
466 1745 569 1826 γὰρτ
546 1745 623 1805 τ’ὸ
610 1767 644 1806 εν
665 1742 765 1828 ὀλίγῳ
782 1746 868 1806 πολύ
892 1743 1136 1826 ἐμφαινόμενον
1155 1739 1211 1800 καὶ
1232 1749 1321 1820 σφο·

317 1849 495 1997 δρότερον,
528 1851 588 1912 διὰ
608 1851 663 1912 και
684 1853 716 1912 οἱ
734 1855 886 1925 Λάκωνες
906 1850 1168 1994 βραχύλογοι*
1125 1851 1192 1908 υπὸ
1212 1845 1322 1975 δεινά·

319 2066 377 2126 καὶ
397 2069 464 2139 πᾶς
483 2066 651 2142 δεσπότης
670 2068 776 2150 δούλῳ
795 2067 1063 2150 μονοσύλλαβος·
1053 2065 1124 2127 ·τὸ
1144 2064 1206 2126 δὲ’
1196 2084 1324 2124 wem·

321 2194 371 2237 ειν
391 2176 536 2260 μακρὸν,
563 2177 620 2256 καί
639 2176 680 2237 τὸ
697 2176 894 2259 ὀδύρεσθαι.
935 2177 970 2236 σί
988 2173 1101 2250 λιταὶ,
1129 2174 1208 2235 καθ’
1218 2171 1322 2254 Ὅμη·

321 2305 399 2368 ρον,
422 2283 480 2342 καὶ
498 2283 607 2366 χωλαὶ
624 2283 661 2344 δὲ
680 2284 806 2364 ῥνσσαὶ
820 2285 886 2346 ὑπὸ
901 2281 1116 2365 βραδυτῆτος,
1135 2279 1323 2343 τουτέστιν

320 2390 386 2452 ὑπὸ
409 2391 644 2474 μακρολογίας·
667 2391 725 2452 καὶ
743 2391 775 2452 οί
788 2392 942 2474 ,γέροντες
961 2390 1163 2475 μακρολόγοε
1181 2387 1241 2448 διὰ
1256 2383 1323 2461 τὴν

323 2497 518 2559 ἀσθένειαν.
560 2499 776 2582 (Sea-VII.)
818 2487 860 2548 .'.
908 2532 951 2546 -·
1003 2531 1045 2547 -
1094 2531 1139 2548 -
1186 2529 1230 2542 -
1278 2529 1326 2543 -

321 2600 364 2664 ‘H
384 2602 420 2664 δὲ
443 2604 585 2678 τοιαύτη
609 2605 773 2687 βραχύτης
795 2607 886 2666 κατὰ
906 2604 970 2678 τὴν
993 2605 1177 2681 σύνθεσιν,
1207 2602 1325 2686 κόμμα

325 2709 548 2792 ὀνομάζεται·
589 2712 759 2794 ὁρίζονται
775 2711 804 2772 δ’
823 2713 907 2776 αύτὸ
924 2711 1004 2774 ώδε·
1045 2713 1168 2794 Κάμμα
1186 2709 1263 2772 ίστλ
1277 2709 1323 2772 τδ

324 2817 431 2882 κώλον
450 2819 614 2882 ἔλαττον·
643 2817 715 2882 οἷον
736 2819 777 2882 τὸ
793 2819 1045 2905 προειρημένον,
1065 2820 1125 2893 τὸ,
1151 2841 1191 2880 τε
1208 2816 1328 2882 Διονύ·

327 2947 400 2998 σεος
417 2925 451 2989 ἐν
468 2926 633 3012 Κορίνθῳ,
653 2929 711 2989 καὶ
723 2930 766 2990 τὸ
780 2929 892 2992 Γνῶθι
908 2929 1067 3002 σεαυτὸν,
1088 2929 1146 2990 καὶ
1162 2928 1204 2989 τὸ
1215 2926 1325 2988 'Em

327 3035 419 3115 Θεῷ,
448 3037 495 3095 τὰ
513 3041 581 3097 τῶν
605 3042 730 3116 σοφών.
773 3035 849 3098 ἔστι
866 3037 929 3120 γάρ
945 3033 1003 3096 καὶ
1018 3031 1326 3118 ἀποφθεγματικὸν

326 3141 345 3214 ἡ
362 3129 551 3225 βραχύτης,
581 3142 638 3204 καὶ
656 3143 921 3226 γνωμολογικὸν,
947 3143 1006 3204 καί
1024 3142 1217 3224 σοφώτερον
1231 3141 1274 3204 τὸ
1290 3140 1326 3202 ἐν

328 3248 429 3333 ὀλίγῳ
453 3251 581 3324 πολλὴν
605 3249 762 3316 διάνοιαν
782 3253 987 3333 ἠθροῖσθαι·
1019 3251 1174 3333 καθάπερ
1194 3250 1228 3314 ἐν
1251 3259 1327 3324 τοῖς

329 3358 500 3441 σπέρμασι
522 3359 664 3443 δένδρων
694 3359 780 3422 ὅλον
810 3359 976 3441 δυνάμεις.
1024 3359 1054 3420 εί
1077 3360 1112 3421 δὲ
1141 3351 1328 3422 ἐκτείνοιτό

327 3488 381 3542 τις
407 3465 470 3538 τὴν
494 3465 622 3548 γνώμην
648 3467 683 3533 ἐν
708 3477 865 3551 μακροῖς,
897 3466 1107 3528 διδασκαλία
1123 3464 1257 3549 γίνεταί
1273 3483 1339 3537 τις·

328 3574 387 3632 καί
413 3573 551 3654 ρητορία
580 3573 658 3636 ἀντὶ
690 3573 826 3658 γνώμης.
868 3577 973 3652 (Sect.
999 3575 1077 3651 IX.)
1119 3607 1160 3622 -
1201 3609 1243 3626 --
1284 3605 1330 3620 ·-··

327 3681 402 3742 Τών
423 3684 482 3760 μέν
505 3705 562 3744 τοι
583 3679 694 3746 κώλων
713 3682 771 3744 καὶ
791 3685 970 3765 κομμάτων
988 3684 1152 3746 τοιούτων
1174 3681 1331 3746 συντιθε-

329 3785 433 3867 μένων
453 3789 534 3871 πρὸς
553 3789 702 3866 ἄλληλα,
733 3789 963 3854 συνίστανται
981 3791 1017 3852 αί
1036 3789 1186 3874 περίοδοι
1211 3790 1332 3872 ὄνομα·

329 3891 477 3974 ζόμεναι.
526 3895 604 3958 ἔστι
629 3897 692 3982 γὰρ
712 3897 866 3981 περίοδος
902 3899 1060 3980 σύστημα
1097 3897 1134 3960 ἐκ
1164 3897 1277 3960 κώλων
1311 3895 1334 3972 v?

330 4006 509 4084 κομμάτιον
541 4005 848 4092 εδιιαταστρόφαν,
889 4005 973 4092 πρὸς
998 4005 1062 4083 τὴν
1083 4004 1242 4072 διάνοιαν
1265 4003 1333 4082 τὴν
