2902 4866
798 395 885 506 ss'a

336 650 459 692 nurum
477 625 563 706 tata,
585 633 625 690 nt
641 623 752 688 omnis
770 622 841 710 ejus
860 621 1051 708 eloquentia
1068 621 1235 688 contineri
1252 631 1346 688 tecto

336 759 374 799 ao
392 736 572 822 parictibus
592 734 769 798 videretur.
813 737 922 815 Quare
940 731 1084 817 juvenis,
1106 732 1165 818 qui
1182 731 1348 794 rationem

424 945 518 1006 eorum
535 951 656 1020 gratuita
676 955 726 1004 est.
762 947 817 1004 Vix
836 947 942 1021 itaque¹
955 947 986 1002 iu
1006 945 1065 1022 loro
1081 946 1192 1002 laturus
1207 945 1350 1018 periculo·

424 1065 470 1101 sus
486 1055 581 1118 stupor
595 1045 696 1102 discuti
708 1047 819 1118 potest:
838 1045 888 1116 qui
902 1044 998 1108 crevit,
1015 1043 1174 1096 dunstatus
1188 1050 1238 1096 est.
1256 1041 1348 1114 Quid,

424 1141 501 1214 quod
522 1139 731 1194 laudationibus
750 1138 852 1192 crebris
867 1139 1055 1201 sustinentur,
1083 1145 1112 1190 et
1133 1135 1263 1188 memoria
1282 1135 1369 1186 illo-'

423 1251 484 1288 sum
497 1237 635 1299 manavit,
662 1234 743 1288 certis
760 1232 912 1286 intervallis
929 1229 1094 1304 quiescere?
1139 1230 1209 1282 Cum
1233 1238 1350 1282 ventum

423 1331 509 1384 estin
523 1330 628 1393 lorum,
656 1337 685 1382 et
699 1327 783 1382 desiit
796 1327 860 1380 illos
875 1327 910 1380 ad
925 1344 1033 1381 omnem
1047 1335 1152 1396 gestum
1169 1325 1283 1398 plausus
1300 1343 1351 1379 ex·

424 1425 532 1494 cipere,
553 1431 602 1475 aut
616 1421 768 1484 deficiunt,
788 1431 838 1476 aut
852 1416 956 1476 labant
993 1421 1090 1489 Adjice
1102 1433 1198 1484 nunc,
1218 1417 1295 1491 quod
1314 1419 1351 1471 als

423 1517 484 1572 aliis
499 1517 607 1570 nulline
621 1518 781 1572 interventu
799 1493 950 1574 ercutitur.
985 1516 1073 1570 Nemo
1092 1516 1181 1580 ridet,
1209 1531 1292 1567 nemo
1313 1531 1350 1568 ex

388 1643 393 1648 -
422 1612 560 1666 industria
579 1611 757 1686 obloquiturs
783 1609 930 1668 familiares
948 1613 1153 1672 santumnium
1174 1610 1277 1682 saltus.
1314 1611 1350 1662 lu

424 1709 500 1773 loro,
512 1720 553 1769 ,ut
565 1709 636 1764 nilail
649 1709 744 1775 aliud,
764 1707 854 1781 ipsum
868 1709 933 1764 illos
945 1709 1035 1763 forum
1048 1707 1156 1762 turbata
1180 1705 1251 1770 boc,
1271 1704 1349 1777 quod

423 1805 507 1873 vulgo
521 1811 662 1866 narratur.
682 1821 719 1858 an
736 1821 831 1860 verum
845 1805 899 1869 sit,
919 1814 952 1858 tu
968 1804 1067 1860 melius
1085 1811 1164 1876 potes
1178 1788 1264 1856 scire·
1291 1803 1349 1854 De·

422 1899 600 1954 clamatoriae
614 1899 722 1955 atauus
736 1899 886 1952 Latronem
899 1899 1028 1952 Porcium
1045 1898 1159 1950 unicum
1176 1895 1345 1966 exemplum,

413 1981 487 2048 ¹curn
503 2012 552 2067 pro
564 2012 612 2047 reo
629 1995 659 2048 in
667 1993 798 2066 Hispania
805 1987 918 2048 Rustico
928 1995 1035 2058 Porcio,
1053 1993 1208 2066 propinquo
1224 2010 1285 2056 sno,
1303 1991 1346 2043 di-

335 2153 340 2162 .
424 2096 517 2154 ceret,
537 2091 626 2160 usque
642 2107 675 2142 eo
688 2105 746 2142 esse
761 2087 925 2154 confusum,
945 2097 1006 2140 uta
1021 2087 1182 2140 soloecismo
1196 2087 1345 2157 inciperet:

423 2202 477 2238 nec
498 2192 564 2238 aute
588 2183 709 2256 potuisis
727 2183 896 2248 confirmari,
922 2189 1029 2236 tectum
1050 2198 1082 2242 ae
1099 2183 1216 2256 parietes
1238 2181 1347 2235 deside-

423 2271 546 2342 r'antem,
567 2297 651 2351 quam
661 2277 827 2350 impetravit,
845 2277 1026 2346 stt-judicium
1042 2295 1077 2330 ex
1089 2278 1148 2329 loro
1161 2277 1191 2330 in
1204 2276 1344 2330 basilicam

422 2374 622 2437 transferretur.
659 2375 754 2446 Usque
770 2373 924 2447 eo'ingenia
940 2371 970 2424 in
984 2369 1154 2426 scholasticis
1170 2372 1346 2426 exercitatio-

424 2469 507 2522 nibus
521 2469 643 2524 delieate
660 2471 835 2534 nutriuntur,
855 2469 1058 2533 mommoreto,
1078 2468 1229 2532 silentium,
1249 2468 1344 2532 nsum,

424 2565 536 2617 coelum
550 2564 673 2636 denique
688 2544 746 2634 pati
760 2564 894 2618 nesciant.
930 2563 993 2619 Non
1007 2573 1049 2618 est
1064 2572 1158 2618 autem
1176 2563 1251 2617 utilis
1267 2581 1346 2616 exer-

424 2657 538 2722 citatio,
564 2659 616 2710 nisi
635 2675 708 2728 quae
724 2659 800 2728 operi
814 2657 952 2710 simillima
970 2668 1012 2710 est
1029 2659 1090 2723 illi,
1117 2659 1153 2710 ad
1169 2657 1245 2730 qnod
1267 2676 1345 2711 exer·
1433 2705 1434 2732 p

422 2760 483 2808 ceta
506 2753 602 2824 itaque
624 2753 717 2804 durior
729 2753 801 2806 solet
822 2768 880 2804 esse
895 2769 958 2804 vero
974 2753 1133 2808 certamine.
1169 2753 1344 2806 Gladiatores

424 2846 590 2916 gravioribus
604 2849 682 2902 armis
696 2846 817 2914 discunt,
834 2866 918 2920 quam
931 2857 1070 2919 pugnant:
1089 2847 1193 2902 diutius
1210 2848 1272 2902 illos
1287 2847 1344 2900 mass

424 2942 506 3011 gister
522 2952 649 3008 armatos,
668 2961 750 3016 quam
766 2943 933 2997 adversarius
948 2929 1072 2998 sustinet.
1099 2943 1247 2998 Laetantes
1265 2943 1343 2996 binos

423 3039 550 3093 simulac
566 3049 658 3093 ternos
674 3039 800 3107 fatigant,
820 3049 854 3092 ut
865 3039 974 3092 facilius
987 3038 1099 3107 singulis
1114 3039 1249 3092 resistant.
1275 3039 1345 3092 Cur·

423 3151 497 3187 sores
514 3134 591 3206 quod
603 3135 675 3188 intra
688 3135 820 3202 exiguum
836 3131 954 3206 spatium
970 3134 1005 3188 de
1022 3133 1171 3188 uelocitate
1189 3151 1284 3187 eorum
1298 3134 1343 3201 ju·

422 3229 532 3284 dicetur
541 3212 555 3295 ,’
568 3230 598 3282 id
611 3247 696 3301 saepe
710 3230 739 3282 in
757 3231 956 3284 exercitatione
970 3229 1138 3294 decurrunt,
1167 3229 1244 3302 qnod
1258 3229 1345 3284 semel

407 3315 567 3378 'accusari
590 3333 657 3378 sunt
676 3325 705 3378 iu
730 3325 887 3379 certamine.
906 3365 908 3370 -
929 3325 1133 3397 Multiplicstur
1154 3343 1189 3380 ex
1207 3325 1344 3378 industria

422 3419 518 3500 labor,
538 3437 595 3492 quo
604 3419 811 3486 condiscimus,
831 3430 864 3474 nt
876 3419 994 3485 levetur,
1018 3410 1074 3496 quo
1089 3420 1273 3474 decernimus.
1309 3424 1343 3474 In

423 3515 594 3570 scholasticis
607 3515 856 3580 declamationibus
872 3525 967 3570 eontra
982 3516 1085 3570 evenit:
1112 3515 1202 3568 omnia
1216 3516 1343 3569 molliora

425 3618 454 3664 et
468 3610 600 3662 solutiora
614 3619 695 3678 sunt;
715 3610 745 3664 in
762 3609 820 3663 loro
835 3619 938 3682 partem
953 3611 1112 3678 accipiant,
1140 3609 1170 3662 in
1185 3609 1281 3663 schola
1293 3610 1342 3664 eli·

424 3713 503 3768 gunt:
532 3704 591 3757 illic
605 3705 692 3772 judici
708 3703 911 3772 blandiuntur,
937 3705 984 3760 hie
998 3707 1165 3761 inserviunt:
1197 3701 1343 3762 illicinter

422 3781 561 3850 fremitum
584 3799 810 3857 circumsonantis
831 3801 929 3856 turbae
951 3801 1139 3858 intendendus
1160 3785 1267 3854 animus
1289 3809 1340 3864 est,

242 3940 245 3948 ,
347 3919 349 3924 ·
422 3910 476 3945 vox
491 3892 526 3944 ad
541 3911 619 3948 aures
633 3897 732 3962 judicis
748 3897 909 3969 perferenda
925 3907 976 3962 est:
1008 3897 1054 3950 hic
1071 3913 1105 3950 ex
1122 3896 1202 3949 vultu
1223 3896 1342 3950 dicentis

423 3979 547 4061 pendent
562 3991 682 4042 omnium
698 3992 799 4044 vultus.
837 3995 936 4064 Itaque
950 3992 1030 4046 velut
1050 4009 1085 4044 es
1100 3991 1228 4044 umbroso
1249 4001 1279 4044 et
1293 3991 1343 4044 ob-

417 4102 502 4144 ‘sauro
523 4083 689 4158 prodeuntes
710 4087 793 4151 loeo,
821 4087 911 4142 clarae
927 4088 999 4142 lucis
1016 4085 1105 4156 fulgor
1124 4085 1274 4142 obcaecata
1301 4088 1341 4142 sic
1435 4075 1436 4126 l
