2888 4876
663 463 671 497 t

805 527 861 612 26
905 477 909 484 ,

337 726 382 790 At
397 725 461 790 hoc
480 723 588 808 idem,
620 725 710 812 qaod
731 727 837 790 estin
857 725 984 790 naturis
1006 747 1139 807 rerum,
1161 727 1333 816 transferri

335 843 446 920 potest
466 833 565 898 etiam
584 833 625 902 ad
645 845 740 900 artes.
787 836 859 902 Una
877 833 1021 920 tingendi
1036 843 1090 900 'est
1106 855 1180 914 ars,
1213 835 1250 898 in
1269 856 1335 919 qua

334 952 538 1028 praestantes
555 945 691 1008 fuerunt
710 945 815 1029 Myro,
836 944 1048 1028 Polycletus,
1069 943 1250 1032 Lysippns3
1276 942 1335 1028 qui

337 1071 449 1114 omnes
469 1051 558 1120 inter
575 1073 610 1116 se
628 1052 804 1118 dissimiles
825 1044 984 1134 fuerint,
1007 1049 1127 1118 sedita
1142 1061 1274 1130 tamen,
1296 1059 1336 1112 ut

336 1159 501 1222 neminem
516 1159 569 1222 sui
585 1159 667 1224 velis
685 1167 756 1223 es'se
773 1160 973 1224 dissimilem.
1008 1161 1079 1224 Una
1096 1170 1145 1223 est
1165 1179 1216 1220 ars
1231 1157 1336 1219 ratio-

336 1289 402 1351 que
419 1266 586 1352 picturae,
616 1267 882 1355 dissimilimique
904 1280 1013 1334 tamen
1033 1269 1122 1332 inter
1141 1289 1176 1331 se
1194 1252 1335 1343 Zeuxis,

297 1367 299 1374 ’
330 1374 550 1466 1ΑςΙιιοΡΙιοιι,
580 1373 711 1460 Apelles
724 1403 737 1456 ι
774 1399 882 1462 neque
912 1393 1026 1442 eorum
1057 1377 1335 1462 qnisquam,est,

336 1481 392 1544 cui
414 1480 596 1566 quidquam
615 1483 651 1546 iu
669 1496 738 1548 arte
757 1486 871 1549 deesse
890 1486 1048 1549 videatur.
1089 1485 1132 1546 Et
1158 1482 1184 1543 si
1208 1482 1273 1543 hoc
1300 1479 1338 1565 iu

335 1589 387 1652 his
422 1591 517 1674 quasi
551 1591 650 1658 mutis
681 1594 805 1656 artibus
838 1605 889 1657 est
922 1593 1106 1658 mirandum
1146 1596 1202 1670 (et
1226 1574 1337 1652 tamen

233 1762 240 1772 ,
335 1703 484 1777 ιιιιιιιιι)ι
508 1707 631 1784 quanto
645 1693 868 1763 admirabilius
882 1702 916 1763 in
931 1701 1079 1764 oratione
1092 1711 1191 1782 atque
1204 1696 1338 1778 lingua?

337 1827 442 1894 quae,
475 1829 579 1890 quum
599 1809 633 1870 in
655 1807 774 1872 iisdem
787 1789 960 1873 sententiis
977 1809 1152 1890 verbisque
1173 1815 1338 1880 versetur,
1404 1795 1406 1798 ¹

262 1995 263 2000 η
336 1935 477 1978 summas
498 1915 596 1981 hahet
616 1916 926 1998 dissimilitudinem
960 1911 1027 1978 non
1052 1915 1124 1993 sic,
1154 1896 1193 1974 ut
1211 1911 1267 1973 alii
1285 1911 1339 1974 vi-

335 2023 616 2114 tuperandisint‚
647 2026 705 2089 sed
726 2023 825 2106 atii,
857 2047 941 2110 qnos
962 2014 1092 2089 constet
1108 2044 1179 2100 esse
1197 2019 1339 2082 laudan-

335 2128 416 2209 dos,
448 2131 483 2194 in
505 2131 629 2220 dispari
651 2140 900 2220 samongenere
918 2132 1105 2198 laudentur.
1155 2131 1225 2211 (De
1253 2125 1359 2218 orat.-

333 2238 357 2302 l.
374 2241 430 2304 111.
453 2263 481 2306 o.
500 2247 552 2328 7.)
579 2263 580 2266 ’
653 2245 665 2266 *
1268 2250 1270 2256 '

773 2361 798 2440 l·
842 2363 893 2434 13·

1422 2375 1423 2438 l

335 2500 539 2567 Quintilianus.
575 2501 647 2572 (Hic
672 2515 786 2574 qnoque
809 2499 974 2571 paucissima
998 2507 1107 2553 tantam
1131 2497 1167 2553 de
1192 2481 1249 2554 arte
1274 2497 1340 2552 uni·

523 2617 617 2668 versa,
646 2621 734 2676 eaque
751 2601 834 2660 velut
850 2591 881 2660 ἐν’
897 2584 1018 2680 segete
1036 2601 1147 2674 docet.)

396 2774 483 2843 Illud
504 2775 678 2844 admonere
701 2776 780 2842 satis
806 2787 877 2859 est,
910 2777 1040 2862 omnia,
1074 2801 1159 2862 quae
1180 2799 1231 2841 ars
1254 2799 1340 2842 con-

334 2886 564 2966 summaverit,
596 2909 615 2948 a
635 2897 753 2951 natura
769 2885 866 2952 initia
882 2885 1023 2950 duxisse.
1067 2889 1168 2966 (lust.
1186 2908 1232 2948 or.
1255 2885 1278 2948 l.
1295 2888 1338 2950 ll.

261 2973 267 3044 s
335 3015 364 3058 o.
392 2998 458 3078 17.)
479 3031 521 3044 -
542 3030 581 3046 -
602 3029 644 3044 —-
684 2995 775 3059 Nihil
795 3016 846 3056 ars
861 2995 932 3058 sine
946 2993 1083 3059 materia
1105 2993 1226 3074 (scilic.
1251 3016 1339 3077 quae

335 3125 354 3164 a
374 3112 491 3164 natura
507 3103 649 3188 petenda
666 3108 755 3188 est),
776 3103 944 3170 materme'
964 3103 1061 3166 etiam
1077 3103 1149 3168 sine
1161 3093 1240 3164 ‘arte
1260 3124 1340 3187 pre-

334 3209 420 3296 tium
435 3223 494 3276 est.
534 3209 598 3276 Ars
622 3233 747 3274 summa
765 3208 899 3278 materia
920 3211 1042 3296 optima
1060 3211 1186 3274 melior.
1219 3211 1275 3289 (L.
1296 3211 1338 3274 11.

335 3341 363 3382 c.
384 3325 450 3404 19.)
470 3357 509 3370 --
529 3355 571 3370 -
612 3322 695 3384 Cum
712 3321 779 3384 sint
795 3330 904 3402 autem
920 3319 1040 3384 artium
1055 3321 1082 3399 *l
1106 3319 1189 3383 aliae
1208 3318 1338 3402 positae

335 3427 370 3488 in
400 3428 627 3512 inspectione,
669 3429 704 3490 id
736 3440 787 3492 est
818 3426 1006 3512 cognitione
1039 3437 1073 3492 et
1106 3425 1337 3491 aestimatione

333 3557 444 3598 rerum
455 3580 466 3611 ,
483 3537 595 3620 ,qualis
619 3548 670 3600 cst
686 3537 881 3621 astrologia,
901 3537 1033 3634 pallpm
1055 3536 1185 3620 exigens
1209 3544 1335 3615 actum,

233 3635 234 3644 ¹
335 3644 395 3708 sed
412 3645 488 3728 ipso
513 3646 582 3726 rei,
616 3645 710 3730 cajus
734 3644 880 3710 studium
903 3644 1024 3724 hahet,
1057 3645 1231 3734 intellectu
1252 3665 1336 3706 con-

342 3807 690 3826 Μ

311 3891 315 3897 ’
368 3899 394 3971 *l
416 3899 586 3954 Manendum
605 3911 663 3967 est,
696 3901 841 3967 Nostrum,
872 3913 905 3957 ut
921 3901 1089 3956 iere'omncs
1107 3881 1250 3973 scriptores
1267 3899 1334 3952 lati·

420 4013 487 4061 nos,
514 3997 578 4050 artis
602 3997 767 4052 vocabulum
780 4013 874 4050 ‘sensu
898 3998 988 4052 latiori
1013 4014 1169 4069 usurpare„
1184 4012 1241 4067 quo
1258 3995 1334 4048 idern

422 4110 455 4146 ac
479 4091 603 4146 doctrina
628 4103 676 4148 aut
694 4090 838 4166 disciplina
856 4093 1007 4164 significat3
1032 4093 1108 4167 qaod
1127 4103 1155 4147 et
1173 4090 1285 4150 Graecis
1303 4093 1333 4146 in

421 4189 534 4246 vocibus
551 4181 607 4244 tuit
623 4191 715 4260 τέχνη
733 4198 763 4246 ct
780 4192 922 4266 ἐπιστήμη
939 4191 1070 4248 usitatam
1089 4207 1163 4255 esse,
1191 4195 1305 4244 constat.

1195 4392 1201 4429 l
