2902 4866
512 385 519 398 ’
608 369 685 490 l7l

150 563 297 647 Sulpicio
308 536 321 626 i
347 567 442 650 cujus
470 579 534 630 tres
560 568 723 630 erutiones
749 575 861 630 extent
878 561 923 643 '');
957 565 1013 628 sell
1030 565 1089 642 ii,¹
1109 565 1150 628 de

105 697 117 742 J
152 671 270 754 quibus
294 671 696 756 loquor„commenturii
715 669 761 736 ita
788 684 867 737 sunt
890 673 1017 751 exacti,
1052 681 1089 733 ut
1109 673 1149 734 sb
1228 743 1230 748 ,

151 781 222 862 ipso
249 779 328 842 mihi
360 780 394 842 in
426 781 615 846 memorium
643 780 846 866 posteritatis
876 779 1050 844 videantur
1078 801 1149 846 esse

114 971 120 976 ἱ
150 887 334 970 compositi.
375 889 454 952 Nam
473 888 642 952 Ciceronis
662 889 702 950 ed
726 905 881 974 praesens
901 887 999 950 modo
1020 898 1149 970 tempus

152 1007 278 1078 aptatos
290 996 428 1072 libertus
443 999 522 1060 Tiro
536 997 715 1062 contruxit:
740 1019 824 1080 quos
839 1017 905 1058 non
925 995 998 1061 ideo
1014 1017 1148 1072 excuso,

148 1101 225 1185 quie
241 1125 307 1166 non
326 1106 477 1188 probem,
496 1104 568 1190 ,sed
586 1081 623 1165 ut
643 1105 711 1166 sint
732 1105 833 1189 inagis
851 1103 1067 1166 admirabiles.
1111 1105 1147 1164 lu

148 1209 213 1273 boc
232 1233 350 1295 genere
365 1233 498 1297 prorsus
512 1195 638 1297 recipio
655 1211 738 1275 bunc
753 1213 884 1274 brevem
903 1211 1149 1274 annotationem
1200 1279 1205 1290 1

148 1303 368 1405 libellosque,
399 1317 457 1405 qui
487 1321 540 1384 vel
572 1343 671 1383 manu
700 1328 894 1397 teneantur,
937 1333 970 1383 et
997 1303 1037 1380 id
1064 1339 1147 1401 quos

150 1426 283 1489 interim
303 1429 468 1513 respicere
489 1429 536 1490 sas
561 1429 614 1492 sit.
659 1429 765 1507 lllud,
799 1429 887 1511 qnod
911 1431 1034 1490 Laenas
1055 1447 1149 1510 prae·

152 1536 233 1621 cipit
252 1539 319 1616 '*),
350 1535 503 1620 displicet
522 1538 619 1612 mihi,
650 1537 761 1598 necin
778 1535 849 1613 his,
878 1557 963 1618 quse
981 1534 1149 1618 scripseri·
1207 1551 1210 1558 ’

93 1671 97 1679 ’
150 1665 244 1730 mus,
274 1643 372 1708 velim
388 1666 528 1706 summes
546 1643 579 1704 in
601 1643 872 1704 commentarium
892 1653 924 1704 et
946 1641 1053 1724 cupite
1072 1663 1147 1706 con·

150 1725 246 1812 ierri:
264 1751 324 1830 m)
348 1753 426 1815 fucit
445 1753 532 1816 enim
547 1751 715 1814 ediscendi
734 1749 963 1834 negligentiam
979 1747 1058 1814 haec
1077 1749 1148 1832 ipss

64 1847 73 1873 ⁸
150 1858 270 1931 fiducia
288 1871 321 1924 et
341 1860 464 1923 lecerat
481 1881 519 1921 ue
540 1860 700 1922 deformat
717 1858 907 1920 orationem.
949 1857 1018 1942 Ego
1039 1867 1148 1920 sutem

147 2031 504 2048 Ἥ·-

196 2135 222 2204 ’)
238 2137 281 2188 De
299 2136 356 2190 Ser.
378 2135 504 2204 Sulpicio
523 2133 558 2190 ci.
580 2136 678 2188 Noster
701 2133 755 2188 hoc
776 2135 835 2204 ipso
857 2131 928 2186 libro
949 2149 971 2186 c.
991 2149 1012 2188 s.
1029 2135 1053 2200 ς.
1068 2151 1102 2188 ss
1119 2143 1148 2188 et

168 2267 173 2278 .
236 2233 294 2284 116.
338 2231 436 2281 Cicero
459 2231 507 2299 (in
522 2231 605 2281 Bruto
627 2247 652 2284 c.
671 2231 712 2284 5⁵.
737 2226 857 2297 §.subl
900 2230 942 2281 De
965 2231 1024 2294 ejus
1046 2230 1147 2282 oratio-
1237 2229 1240 2232 ’
1278 2266 1284 2278 ,
1356 2209 1359 2228 ¹

233 2323 314 2376 nibus
330 2341 345 2374 s
361 2323 493 2381 Cicerone
507 2321 576 2376 haec
590 2332 737 2377 monentur
751 2323 798 2394 (ib.
815 2339 838 2376 c.
853 2322 896 2378 55.
912 2321 936 2388 §.
952 2322 1023 2392 205.)
1059 2344 1072 2370 r
1083 2323 1148 2376 Sol·

233 2419 296 2487 picii
304 2417 450 2482 orationes,
468 2419 681 2492 quaterentur,
699 2437 744 2471 ess
752 2423 812 2488 po'st
820 2401 932 2470 mortem
943 2419 1000 2485 ejus
1010 2411 1146 2489 scripsisse

232 2514 261 2566 P.
280 2511 413 2565 Canutius
430 2521 559 2584 putetur,
579 2515 703 2586 aequalis
718 2531 811 2579 meus,
832 2511 913 2566 bomo
930 2519 1005 2566 extre
1024 2520 1145 2566 nostrum

155 2651 158 2658 .
233 2607 355 2661 ordinem
376 2626 438 2662 meo
458 2607 562 2678 judicio
581 2609 780 2663 disertissimus.
818 2608 935 2682 Sulpicii
958 2609 1036 2662 nulls
1058 2609 1146 2662 oratio

231 2712 288 2767 est,
317 2721 454 2776 saepeque
479 2721 514 2758 ex
540 2703 705 2768 maudiut,
734 2723 837 2777 quum,
864 2723 892 2758 se
917 2704 1033 2758 scribere
1053 2721 1145 2778 neque

232 2815 377 2852 consuesse
403 2816 495 2871 neque
518 2817 613 2870 posse,
636 2799 771 2853 diecret»
815 2790 947 2852 Maximis
963 2817 1026 2851 eum
1045 2790 1144 2853 Cicero
1219 2775 1230 2788 i*

213 2893 358 2945 desidibus
373 2891 485 2946 extollit
498 2894 616 2966 Philipp.
636 2882 681 2950 lx'.
702 2922 734 2936 ·-
760 2893 811 2948 Hic
830 2911 894 2962 vero
917 2895 989 2946 Serv.
1007 2893 1144 2968 Sulpicius

117 2996 124 3002 ”
229 2989 518 3059 probe-segregandus
544 2997 583 3040 est
604 3005 620 3040 e
644 2989 673 3041 G.
695 2988 820 3057 Sulpicio
845 2989 946 3050 Gallo,
973 2991 1053 3056 cujus
1077 2989 1143 3044 item

232 3085 328 3149 Cicero
351 3083 443 3154 (Brun
461 3099 483 3135 c.
503 3080 565 3152 ns.)
586 3083 658 3138 inter
678 3089 796 3136 oratores
819 3100 874 3134 non
898 3083 955 3136 sine
977 3082 1060 3137 lande
1086 3100 1143 3138 ure·

230 3177 322 3231 minit:
351 3167 589 3231 «Deniinoribus
609 3185 701 3230 sutem
726 3177 756 3230 C.
781 3177 920 3248 Sulpicius
943 3179 1058 3240 Gallus,
1094 3179 1141 3249 qui

228 3273 346 3326 maxime
370 3274 490 3324 omnium
514 3272 649 3326 nobilium
669 3273 775 3352 qrsecis
793 3273 881 3334 literis
904 3271 1027 3338 studuit.;
1063 3275 1154 3345 isque*

165 3357 167 3366 ,
206 3378 258 3420 ‘et
273 3377 408 3426 oratorum
431 3369 587 3421 innumero
611 3377 651 3420 est
668 3367 796 3430 habitus,
823 3377 851 3420 et
861 3367 918 3420 luit
934 3367 1047 3440 reliquis
1060 3369 1141 3423 rebus

230 3473 341 3516 ornatus
360 3473 388 3515 et
403 3464 546 3529 elegans.»
778 3535 782 3538 Ι

175 3557 215 3630 '*)
233 3560 335 3612 Laeuus
356 3559 508 3612 secundum
526 3557 641 3612 Fabium
666 3577 772 3611 omnem
792 3557 955 3611 rhetoricum
971 3558 1077 3630 seriptis
1092 3575 1141 3611 sx-

165 3724 167 3728 .
230 3651 351 3726 posuisse
365 3655 480 3707 videtur.
501 3653 537 3707 Cf
557 3655 623 3712 Fas.
639 3654 657 3707 l·
672 3655 733 3711 llll.
750 3671 772 3709 e.
791 3673 810 3707 ι.
828 3656 849 3720 §.
864 3653 960 3710 unilt.
976 3655 995 3708 l.
1011 3658 1058 3712 xl.
1075 3672 1097 3707 c.
1115 3658 1138 3708 3.
1230 3713 1232 3716 ,

157 3787 160 3794 ,
231 3753 251 3814 ᾗ,
278 3752 334 3807 183.
378 3749 505 3806 Ceterum
536 3750 580 3822 pix
612 3749 696 3801 aliurn
728 3758 834 3820 praeter
863 3747 977 3802 Fabium
1006 3751 1141 3810 inveneris

94 3883 99 3890 ,
201 3834 203 3838 ’
229 3855 385 3906 auctorem,
414 3843 460 3916 qui
480 3845 553 3895 illius
571 3843 684 3896 rhetoris
700 3844 866 3904 mentionem
879 3811 991 3898 facerit
1009 3899 1016 3906 ἢ

159 3939 212 4009 ““)
232 3929 285 3991 dlii
306 3939 344 3991 its
368 3939 478 4006 legunt:
508 3939 641 4007 Displicet
664 3937 749 3998 milri,
777 3957 849 4008 quae
873 3939 1080 4027 scripserimus,
1109 3937 1141 3992 is

230 4053 365 4097 summm,
385 4037 440 4088 siue
457 4022 669 4088 comerentun'ns
684 4048 709 4085 et
726 4037 834 4102 capita,
856 4033 992 4106 coqlirre.
