2942 4864
768 369 854 448 28⁰

308 574 444 660 sophiae
480 581 579 636 notos
618 581 652 635 et
682 578 840 636 tractatos
874 567 977 628 locos.
1026 563 1119 626 ttthit
1148 564 1234 626 enim
1264 564 1304 629 de

306 685 488 768 religione,
521 679 660 744 nihilde
678 687 802 754 morte,
833 672 915 735 nihil
934 672 977 734 de
991 672 1136 755 pietate,
1167 672 1246 733 nihil
1264 673 1303 736 dc

307 793 447 856 caritate
484 789 627 874 petrice,
671 785 752 846 nihil
782 781 822 844 de
849 780 946 842 bonis
977 781 1077 840 rebus
1108 789 1166 840 aut
1191 782 1303 857 malis,

308 897 391 962 nihil
418 899 460 962 de
483 896 661 958 virtutibus
682 889 863 966 nutritiis,
898 887 984 948 nihil
1005 887 1045 950 de
1060 887 1190 964 officio,
1225 889 1307 950 nihil

309 1007 351 1072 de
376 1007 509 1084 dolore,
540 1002 621 1068 nihil
641 999 682 1062 de
697 998 885 1080 voluptate,
922 995 1007 1056 nihil
1026 996 1067 1059 de
1085 998 1309 1081 perturbatio·

284 1117 405 1184 ,uibus
437 1112 535 1178 enimi
566 1120 597 1172 et
630 1105 816 1180 erroribus,
859 1125 945 1188 quae
979 1125 1075 1188 saepe
1111 1104 1236 1166 eadunt
1272 1104 1311 1166 in

309 1218 530 1296 eausam-sed
549 1214 690 1298 jejunius
713 1223 877 1296 aguntur,
912 1211 1013 1288 nihil,
1046 1213 1201 1295 inquam,
1235 1213 1312 1274 siue

306 1351 344 1393 ea
373 1324 526 1401 scientie,
558 1341 655 1402 quam
686 1318 775 1396 dixi,
815 1320 981 1400 graviter,
1013 1317 1139 1401 ample,
1173 1318 1313 1400 copiose

305 1433 371 1498 dici
397 1440 431 1494 et
460 1425 615 1512 explicari
645 1436 769 1508 potest.
812 1427 917 1504 (Ibid.
938 1449 968 1488 e.
989 1430 1056 1506 25.)
1076 1461 1118 1472 -
1137 1460 1179 1472 -
1220 1427 1312 1490 Volo

305 1539 392 1606 enim
413 1537 506 1621 prius
524 1536 640 1598 hebeat
659 1544 773 1596 orator
790 1557 883 1614 rem,
907 1536 948 1598 de
967 1558 1031 1620 que
1049 1534 1155 1611 dieat,
1177 1533 1312 1618 dignum

275 1685 283 1692 ·
306 1647 438 1712 curibus
458 1645 618 1722 eruditis,
650 1665 749 1727 quem
769 1645 915 1726 cogitet,
946 1646 1067 1728 qulbus
1085 1644 1191 1705 verbis
1211 1642 1313 1725 qnid-

307 1779 372 1842 quc
389 1731 496 1832 dicul,
520 1765 577 1816 aut
595 1751 773 1835 quomodo.
817 1755 926 1830 Quem
941 1755 1052 1829 etium,
1076 1774 1143 1834 quo
1157 1751 1312 1833 grandior

307 1865 352 1930 cit
380 1875 412 1928 et
441 1859 681 1946 quodammodo
717 1858 900 1936 excelsior,
932 1865 990 1936 (ot
1020 1859 1061 1920 de
1088 1859 1216 1920 Pericle
1244 1859 1313 1920 dixi

309 1975 443 2056 supra),
473 1992 515 2034 ne
542 1968 756 2054 physicorum
783 1965 919 2050 quidem
948 1931 1020 2027 eise
1047 1966 1196 2050 ignarum
1223 1965 1313 2028 volo.

179 2117 182 2126 ·
310 2079 430 2146 Omnia
448 2080 616 2163 prolecto,
639 2097 742 2159 quum
761 2095 797 2136 se
818 2097 835 2134 a
857 2071 1055 2136 caelestibus
1072 2074 1171 2135 rebus
1189 2075 1315 2138 referet

310 2189 353 2254 ad
374 2189 552 2264 humanus,
575 2181 735 2248 excelsius
760 2183 1094 2266 magnificentiusque
1115 2195 1148 2246 et
1167 2182 1256 2246 dicet
1278 2193 1313 2246 et

299 2299 444 2370 sentiet.
488 2299 666 2374 Quumqne
686 2290 741 2350 illu
757 2289 874 2386 divina
894 2291 1098 2373 cognoverit,
1120 2291 1200 2351 nolo
1218 2292 1312 2373 igno-

308 2413 361 2468 ret
378 2425 420 2464 ne
439 2403 519 2462 haee
543 2399 676 2481 quidem
696 2398 852 2458 humana.
893 2401 952 2460 Jus
973 2400 1071 2461 civile
1088 2409 1219 2476 teneat,
1242 2419 1311 2481 quo

308 2518 403 2592 egent
428 2529 544 2570 causae
568 2508 716 2566 forenses
745 2505 904 2588 quotidie.
949 2506 1037 2584 Quid
1062 2519 1112 2570 est
1132 2509 1219 2570 enim
1236 2517 1312 2568 tur-

305 2615 403 2700 pius,
428 2636 526 2696 qnam
546 2613 769 2696 legitimarum
789 2624 822 2675 et
843 2614 994 2674 civilium
1014 2615 1313 2677 controversiarum

252 2779 255 2786 .
306 2720 488 2809 patrocinia
507 2720 696 2802 suscipere,
720 2742 822 2802 quom
843 2720 889 2780 sis
914 2722 1022 2804 legum
1044 2733 1076 2784 et
1097 2723 1203 2783 civilis
1226 2722 1311 2808 juris

257 2838 261 2853 ¹
307 2830 460 2914 ignarus?
494 2830 677 2910 Cognoscat
700 2828 799 2888 etiam
824 2842 1116 2911 rerumgestarum
1137 2840 1312 2893 etmemo·

306 2937 374 3002 rice
392 2937 515 3000 veteris
536 2935 703 3011 ordinem,
736 2935 897 2996 maximae
921 2937 1053 2999 scilieet
1074 2947 1204 2999 nostrae
1228 2938 1311 2999 eivi-

308 3046 407 3122 tati„
442 3046 500 3110 scd
519 3055 553 3107 et
572 3043 823 3127 imperiosorum
839 3045 1039 3126 populorum
1056 3056 1089 3108 et
1103 3069 1214 3129 regum
1233 3046 1313 3107 illu-

310 3154 447 3227 sttium5
485 3174 581 3235 quem
613 3151 757 3211 lahorem
790 3151 887 3211 nobis
919 3152 1024 3214 Attici
1055 3155 1160 3215 nostri
1191 3154 1314 3216 levavit

310 3263 430 3342 leber,
458 3259 515 3344 qui
542 3259 745 3322 conservatis
773 3260 966 3342 notatisque
996 3263 1198 3344 temporibus
1230 3261 1314 3323 nihil

311 3393 415 3457 quum
443 3369 572 3432 illustre
599 3365 899 3452 praetermitteret,
934 3389 1096 3430 annorum
1124 3371 1314 3453 septingen-

311 3489 422 3542 torum
436 3475 622 3538 memoriam
637 3495 705 3533 uuo
720 3472 808 3534 libro
825 3474 1004 3558 colligavit.
1040 3477 1173 3538 Nescire
1190 3487 1313 3555 autem,

311 3586 544 3672 quid-antes,
583 3603 681 3666 quam
721 3592 818 3641 natus
859 3583 927 3659 sis,
963 3585 1141 3660 acciderit,
1181 3584 1313 3664 idest,

312 3713 444 3776 semper
462 3713 534 3754 esse
558 3711 705 3774 puerum.
747 3687 838 3768 Quid
861 3691 951 3752 enim
969 3701 1019 3754 est
1041 3701 1130 3754 aetas
1148 3691 1314 3774 hominis,

312 3798 375 3861 uiti
405 3819 443 3860 ee
471 3799 627 3860 memoria
656 3817 765 3858 rerum
798 3805 949 3861 veterum
982 3821 1058 3862 cum
1089 3801 1315 3883 superioribus

315 3901 525 3968 contexitur?
555 3901 828 3970 Commemorttio
847 3918 959 3969 autem
977 3906 1187 3989 antiquitatis
1205 3929 1317 3972 exem-
