2942 4864
794 363 878 442 518

343 569 378 633 in
393 567 610 652 longinquum
624 578 752 652 tempas
770 563 959 639 differenda
984 576 1039 627 ant
1053 563 1082 626 si
1096 561 1212 654 judicii
1228 587 1345 648 poena

290 734 295 752 ,
343 678 465 755 levior,
488 699 586 760 quam
600 676 679 737 sacti
701 675 901 758 praemium
925 683 981 735 aut
1000 673 1028 732 si
1046 673 1201 734 facinoris
1218 673 1343 756 volup-

342 797 393 850 aaa
411 782 527 867 major,
560 805 657 868 qnam
683 783 899 844 damnationis
924 781 1046 842 doldr.'
1068 781 1124 840 His
1149 784 1217 842 fere
1237 783 1340 843 rebus

343 893 421 956 tacti
439 892 581 976 aaaspicio
599 893 829 964 confirmatur,
860 912 936 950 cum
960 899 992 950 et
1017 889 1194 951 voluntatis
1225 891 1259 950 in
1279 913 1341 952 reo

345 1021 462 1062 causae
487 999 696 1082 reperiuntur
720 1010 753 1060 et
776 997 924 1090 facultas.
967 999 1004 1056 ln
1032 997 1200 1058 voluntate
1225 1009 1341 1060 autem

344 1106 470 1169 utilitas
490 1129 529 1168 ex
549 1106 721 1189 adeptione
739 1103 877 1188 alicujus
897 1104 1080 1179 commodi,
1111 1105 1342 1187 vitationeque
1445 1083 1446 1124 t

344 1213 481 1298 alicujus
500 1212 696 1275 incommodi
715 1212 902 1296 quaeritur,
925 1222 962 1272 ut
978 1223 1033 1274 aut
1049 1233 1134 1294 spes,
1157 1224 1215 1274 aut
1231 1223 1341 1274 metus

345 1321 513 1404 impulisse
529 1319 696 1394 videatur,
718 1319 874 1380 actalius
891 1320 1081 1402 repentinus
1100 1320 1198 1380 animi
1215 1329 1339 1398 motus,

297 1493 300 1500 ,
345 1429 402 1512 qui
430 1427 527 1489 etiam
550 1427 648 1488 citius
674 1427 895 1504 mirandem,
931 1450 1028 1509 quam
1050 1427 1132 1488 ratio
1157 1428 1339 1516 utilitatis,

345 1534 494 1618 impellit.
555 1535 774 1615 Quamobrem
806 1535 872 1597 sint
906 1535 987 1598 haec
1023 1536 1110 1596 dicta
1143 1537 1184 1596 de
1217 1536 1337 1597 causis.

310 1690 325 1711 .,
344 1646 380 1704 C.
397 1645 431 1704 F.
455 1645 583 1719 Teneo,
615 1655 648 1706 et
663 1665 804 1726 quaero,
837 1643 893 1726 qui
915 1645 981 1706 sint
1001 1643 1049 1702 illi
1068 1654 1225 1719 eventus,
1249 1665 1337 1726 quos

346 1771 386 1814 ox
408 1750 515 1812 causis
539 1751 620 1813 effici
640 1751 761 1814 dixisti.
804 1753 838 1813 C.
857 1753 890 1812 P.
913 1751 1154 1833 Consequentia
1177 1751 1339 1833 quaedam

346 1858 439 1941 signa
457 1857 623 1941 praeteriti
643 1871 677 1921 et
693 1859 786 1942 qnasi
804 1860 960 1941 impressa
978 1858 1057 1918 sacti
1076 1858 1226 1940 vestigia3
1252 1881 1339 1942 qaae

346 1967 479 2050 quidem
507 1967 558 2028 rel
586 1967 722 2030 maxime
747 1966 965 2049 suspicionem
993 1978 1144 2041 movent,
1178 1977 1212 2027 et
1241 1968 1337 2048 quasi

345 2075 444 2137 tacita
463 2083 541 2138 sunt
564 2075 737 2136 criminum
754 2075 949 2137 testimonia.
992 2075 1102 2157 Atque
1119 2075 1182 2150 hoc
1201 2076 1336 2156 quidem
1445 2079 1446 2104 ¹

251 2178 262 2202 '⁴
345 2183 504 2266 graviora,
528 2181 616 2266 quod
629 2204 744 2244 causae
758 2182 973 2243 communiter
985 2182 1337 2245 videnturinsimularc

346 2301 381 2354 et
406 2311 538 2373 arguere
566 2311 679 2352 omnes
703 2311 818 2375 posse,
853 2311 992 2373 qaorum
1024 2290 1118 2350 modo
1146 2290 1335 2352 interfuerit
1445 2357 1446 2366 χ

238 2410 245 2433 ’
345 2397 492 2480 aliquid3
523 2397 603 2458 baec
632 2397 764 2479 propria
788 2397 954 2480 attingant
980 2418 1034 2460 eos
1059 2397 1164 2481 ipsos,
1199 2399 1257 2480 qui
1284 2420 1336 2459 ar-

345 2515 507 2588 guuntur,
531 2511 567 2562 ut
580 2503 702 2602 telum,
721 2515 757 2565 ut
772 2504 961 2586 vestigium,
985 2516 1022 2566 ut
1036 2527 1150 2581 cruor,
1171 2516 1210 2567 ut
1223 2506 1335 2588 depre-
1445 2547 1446 2600 3

344 2609 482 2674 hensnm
504 2609 649 2690 aliquid,
683 2603 771 2692 quod
795 2609 937 2672 ablatum
957 2621 1145 2695 ereptumae
1167 2613 1335 2690 videatur,
1445 2611 1446 2648 ³

345 2729 384 2781 ut
406 2737 599 2798 responsum
624 2716 866 2794 inconstanter,
900 2729 944 2800 ut
957 2718 1169 2797 haesitatum,
1200 2732 1238 2783 ut
1254 2722 1336 2782 tita-

344 2823 476 2902 batam,
497 2818 536 2885 'at
552 2846 626 2886 cum
642 2825 753 2908 aliquo
771 2825 877 2901 visus,
899 2847 937 2887 ex
955 2849 1021 2908 quo
1040 2827 1182 2912 suspicio
1197 2828 1332 2905 oriatur,

346 2945 385 2997 ut
404 2955 441 2996 eo
461 2931 531 3016 ipso
552 2932 584 2992 in
604 2932 678 2994 loco
698 2935 804 3011 visus,
834 2933 867 2994 in
890 2956 956 3016 quo
975 2937 1119 3012 facinus,
1151 2947 1187 2999 ut
1209 2936 1331 3018 pallor,

346 3053 384 3106 ut
403 3052 544 3119 tremor,
576 3053 613 3103 ut
633 3042 808 3125 seriptum,
837 3055 892 3105 aut
911 3043 1136 3130 obsignatum,
1160 3055 1215 3105 aut
1234 3044 1332 3126 depo·

347 3151 446 3215 situm
471 3149 647 3234 quippiam.
677 3185 718 3196 --
738 3183 780 3198 -
823 3151 930 3233 Atque
956 3152 1035 3214 haee
1058 3151 1189 3234 quidem
1216 3152 1255 3216 de
1282 3173 1332 3212 ar-

347 3259 520 3344 gumentis,
570 3259 625 3320 Sin
659 3267 766 3319 autem
799 3257 860 3318 erit
889 3231 985 3320 eliam
1018 3260 1147 3320 testium
1176 3261 1329 3323 facultas:

345 3367 484 3451 primum
510 3387 610 3450 genus
634 3367 695 3429 erit
722 3367 826 3450 ipsum
854 3366 1050 3428 laudandam
1074 3365 1329 3452 dicandumque,

347 3493 389 3536 ae
417 3473 613 3557 argumentis
639 3481 807 3534 teneretur
834 3495 928 3547 reus,
964 3475 1066 3556 ipsum
1096 3497 1151 3534 sua
1181 3477 1329 3536 cautione

345 3579 483 3656 fecisse,
505 3589 605 3642 testes
625 3581 764 3662 effugere
784 3599 848 3640 non
870 3581 1033 3662 potuisse3
1069 3581 1184 3644 deinde
1198 3583 1327 3665 :singuli

345 3683 529 3747 laudentur.
550 3695 592 3734 -ὲ
614 3723 651 3736 --
673 3721 714 3736 -
734 3723 775 3736 -

405 3791 513 3874 Atque
541 3794 621 3856 haec
650 3795 864 3858 accusationis
888 3797 956 3856 fera
976 3799 1114 3858 membra
1139 3809 1224 3861 aunt.
1266 3800 1327 3862 De·

344 3897 500 3963 tensionis
533 3913 641 3962 autem
672 3904 808 3984 primam
842 3903 1014 3978 infirmatio
1046 3923 1235 3982 catinarum
1273 3920 1325 3970 aut

345 4003 553 4083 coaluisse,
586 4020 731 4070 autnon
756 4019 884 4087 tantas,
915 4020 1054 4072 autnon
1077 4011 1138 4072 sibi
1159 4014 1239 4090 soli,
1272 4025 1324 4076 aut
