2844 4874
709 429 843 511 ‘78

317 664 354 704 nc
372 639 457 703 ratio
472 613 484 716 ,Ι
512 623 745 711 tractavimus;
779 655 892 714 nnnc,
930 631 1009 718 quid
1030 601 1164 694 iloeutio
1185 629 1333 694 attollat

307 759 373 810 ,out
391 745 568 831 deprimat,
592 745 779 809 dicendum.
798 779 837 790 -

376 856 487 918 Prima
506 863 556 918 est
575 854 675 937 igitur
693 850 910 938 amplfficandi
930 850 982 913 vel
1004 839 1171 912 minuendi
1190 845 1333 932 species

316 963 352 1024 in
380 963 451 1048 ipso
476 965 525 1026 rei
551 963 697 1034 nomine,
730 969 768 1022 ut
796 981 871 1022 oum
897 981 990 1038 eum,
1030 958 1087 1041 qni
1115 957 1157 1019 sit
1186 979 1334 1032 caesus,

316 1075 476 1147 occisum,
498 1093 584 1148 eum,
608 1071 666 1160 qui
680 1069 724 1130 sit
738 1069 920 1151 improbus,
939 1069 1110 1138 latronem,
1135 1076 1335 1148 contraque

317 1203 410 1258 eum,
443 1179 501 1263 qui
518 1179 676 1264 pulsavit,
703 1179 861 1258 attigisse,
889 1175 947 1258 qui
965 1176 1163 1248 vulneravit,
1193 1176 1336 1260 laesisse

316 1287 469 1351 dicimus.
494 1320 535 1333 -
577 1283 646 1346 Hoc
669 1306 771 1368 genus
795 1282 952 1346 increscit
973 1305 1010 1346 eo
1031 1282 1069 1344 fit
1090 1281 1310 1346 manifestius
1323 1327 1334 1359 ,

317 1395 346 1456 si
371 1392 529 1478 ampliora
555 1392 654 1454 verba
674 1415 749 1456 eum
770 1392 849 1476 ipsis
874 1390 1083 1470 nominibus,
1116 1412 1176 1476 pro
1199 1391 1334 1474 quibus

317 1523 354 1566 ea
372 1501 512 1586 posituri
536 1521 668 1584 sumus,
707 1503 941 1575 conferentem
985 1509 1023 1561 ut
1045 1499 1218 1566 Cicero'in
1239 1502 1333 1561 Ver-

315 1611 451 1690 rem=·*)
480 1611 655 1676 Non-euim
664 1608 791 1695 furem,
822 1607 880 1670 sed
899 1623 1054 1696 raptorem
1062 1635 1075 1681 ;
1110 1630 1175 1670 non
1197 1607 1335 1670 adulte-

316 1741 385 1782 rum
394 1765 407 1794 ,
436 1719 496 1780 sed
517 1733 763 1804 expugnatorem
788 1718 965 1803 pudicitiae
975 1745 988 1790 ,·
1021 1739 1086 1780 non
1113 1717 1334 1799 sacrilegum,

315 1827 375 1890 sed
387 1829 504 1888 hostem
521 1849 682 1890 sacrorum
700 1829 960 1916 religionumque,
980 1833 1056 1888 'uon
1072 1828 1223 1890 sicarium
1231 1815 1255 1902 ,⁸
1272 1825 1337 1889 sed

316 1934 565 1998 crudelissimum
579 1939 757 2025 earnfficem
772 1936 887 1998 civium
901 1937 1120 2023 sociorumque
1136 1937 1170 1999 ia
1183 1950 1333 1998 uestrum

309 2043 469 2130 judicium
487 2045 690 2110 adduximus.
734 2026 794 2108 1110
812 2045 899 2108 enirn
915 2045 1029 2122 modo,
1050 2055 1088 2106 ut
1104 2046 1148 2109 sit
1161 2044 1330 2126 multum,

315 2155 379 2242 lnoo
409 2153 528 2233 etiam,
563 2155 636 2239 plus
659 2165 699 2216 ut
724 2135 790 2230 sit,
830 2151 979 2216 efficitur.
1034 2157 1184 2233 Quatnor
1210 2163 1330 2218 tamen

319 2259 457 2324 maxime
488 2263 660 2346 generibus
695 2263 791 2323 video
824 2271 975 2324 constare
1009 2262 1328 2345 amplificationem,
1404 2251 1405 2310 Ῠ

318 2370 546 2449 incremento,
569 2353 837 2454 comparatione,
860 2369 1135 2448 ratiocinatione,
1159 2373 1330 2454 congerie.

318 2475 917 2561 lncnnuonruuestpotentissimum,
951 2499 1054 2559 quum
1071 2499 1185 2562 magna
1206 2479 1330 2541 viden·
1403 2545 1404 2560 χ

253 2591 255 2598 ’
317 2597 393 2664 tur,
425 2585 522 2649 etiem
545 2607 629 2668 quae
646 2584 803 2648 inferiora
822 2591 909 2645 sunt.
952 2585 990 2646 Id
1009 2595 1116 2648 autem
1135 2609 1202 2648 uno
1221 2589 1330 2672 gradu
1403 2601 1404 2647 i

320 2694 378 2773 fit,
402 2701 459 2757 eut
477 2692 637 2778 pluribus.
679 2693 743 2756 Per
767 2692 799 2753 id
826 2692 960 2756 venitur
980 2715 1045 2755 non
1064 2695 1160 2758 modo
1179 2695 1220 2756 ad
1234 2717 1329 2757 sum-

319 2825 433 2882 mum,
477 2801 533 2864 sed
564 2786 702 2863 'interim
743 2799 981 2885 quodammodo
1014 2823 1113 2887 supra
1151 2825 1327 2866 summum.
1402 2829 1403 2890 t

321 2911 482 2974 Omnibus
496 2909 547 2972 his
563 2908 684 2970 sufficit
699 2905 750 2974 v'el
765 2932 867 2994 unum
881 2908 1048 2971 Ciceronis
1063 2911 1261 2996 exemplumt
1280 2915 1327 2992 *Ἴ

327 3063 689 3082 W

409 3163 464 3218 que
480 3141 604 3196 Ciceroni
619 3141 702 3196 etiam
714 3138 852 3214 probatur.
887 3141 921 3198 V.
936 3159 960 3210 g.
974 3137 1003 3196 in
1017 3141 1079 3197 libr.
1094 3145 1129 3200 de
1144 3145 1233 3217 partit.
1256 3154 1325 3223 orat·

408 3256 433 3294 c.
451 3240 507 3294 XV.
526 3236 606 3310 ΜΒ.
651 3239 713 3290 aEn
737 3237 811 3310 (scil.
833 3237 979 3311 amplific.)
1005 3249 1033 3293 et
1054 3233 1198 3293 verbonim
1224 3259 1324 3309 genere
1400 3283 1401 3288 ,

327 3363 331 3372 ,
409 3333 555 3388 coniicitur
574 3341 603 3386 et
622 3349 743 3386 rerum.»
765 3361 798 3374 -·
834 3336 960 3402 Magnam
979 3353 1043 3388 vero
1064 3335 1225 3388 Ciceronem
1244 3353 1325 3390 oma-

406 3430 451 3484 tui
467 3447 502 3482 ex
514 3427 727 3501 amplificatione
745 3428 800 3482 vim
815 3428 953 3494 tribuere,
977 3417 1011 3482 ix
1030 3430 1072 3482 his
1090 3431 1212 3499 ejusdem
1234 3433 1324 3485 verbis

406 3532 498 3596 patet:
539 3545 553 3572 u
564 3525 673 3576 Summo
690 3531 783 3576 autem
803 3523 864 3576 leus
880 3524 1056 3598 eloquentiae
1072 3537 1129 3590 est,
1158 3527 1324 3599 amplificare

408 3634 465 3670 rem
479 3618 616 3684 ornando,
636 3619 711 3690 quod
726 3617 801 3672 velet
816 3603 872 3672 non
886 3621 975 3673 ouium
994 3621 1029 3674 nd
1044 3623 1199 3689 eugendum
1217 3623 1324 3696 aliquid

409 3720 439 3766 et
460 3713 616 3768 tollendum
637 3714 720 3766 altius
741 3713 878 3780 dicendo,
905 3717 953 3770 sed
971 3716 1100 3769 etiamad
1115 3719 1323 3772 extenuandum

409 3813 496 3878 atque
522 3809 745 3877 abjiciendum.2
793 3810 855 3882 (Da
881 3821 946 3866 orat.
970 3812 989 3863 l.
1013 3811 1065 3869 111.
1086 3829 1110 3866 e.
1131 3817 1173 3870 ae.
1196 3813 1218 3886 §
1245 3815 1323 3884 104.)

407 3901 451 3954 De
471 3903 684 3974 amplificatione
705 3923 796 3958 rerum
818 3905 952 3974 egendum
975 3915 1016 3962 eet
1035 3907 1065 3962 in
1087 3907 1238 3965 Rhetorice.
1265 3938 1296 3952 ··

356 3993 382 4068 ¹⁵)
406 3999 440 4050 In
456 3997 532 4050 Veri.
552 3993 703 4058 aot.11.l.
723 4003 744 4054 I.
764 4017 787 4054 c.
807 4003 832 4054 3.

346 4089 385 4163 1“)
408 4094 442 4145 In
457 4091 533 4147 Verr.
554 4102 608 4147 act.
629 4094 703 4149 11.1.
722 4097 754 4150 V.
775 4111 798 4150 e.
817 4097 860 4149 66.
922 4107 923 4114 ’
