2970 4868
753 421 838 500 278

300 639 351 694 est
380 625 566 704 oratioue),
606 634 715 688 cetera
745 624 781 688 lu
814 645 853 688 co
887 619 990 684 latere
1023 619 1150 686 indicet
1180 643 1303 688 nomen

299 737 416 820 ipsum.
467 735 540 796 Non
574 734 661 796 enim
693 733 871 812 inventor,
906 740 962 798 aut
992 731 1211 814 compositor,
1245 741 1305 798 aut

193 887 201 896 -
300 853 394 905 actor
423 841 486 904 hoc
519 841 707 926 complexus
733 852 782 906 est
810 837 939 918 omnia,
973 837 1031 902 scd
1058 848 1091 902 et
1118 859 1233 922 graece
1262 839 1332 908 ab*

300 949 488 1034 eloquendo
522 951 649 1034 ῥήτωρ,“
682 958 716 1012 et
743 949 859 1012 Latine
895 948 1054 1030 eloquens
1093 947 1202 1009 dictus
1243 958 1305 1012 est.

298 1061 489 1122 ceteram
516 1059 604 1126 enim
628 1079 757 1136 rerum,
791 1075 875 1140 quae
896 1065 975 1120 suut
998 1055 1033 1117 in
1056 1065 1205 1135 oratore,
1229 1076 1309 1142 pur-¹

301 1175 368 1232 tem
392 1166 534 1250 aliquam
562 1165 625 1228 sihi
651 1167 792 1249 quisque
818 1164 993 1250 vindicotq
1021 1164 1153 1226 dicendi
1174 1176 1305 1244 autem,

300 1273 335 1336 id
365 1283 416 1337 est
431 1268 643 1356 eloquendi,
673 1273 811 1334 maxima
835 1268 884 1336 vis
909 1271 971 1338 soli
997 1269 1076 1334 huic
1100 1269 1305 1348 conceditur,

301 1385 461 1462 (Orator,
490 1404 518 1445 c.
543 1386 608 1462 19.)
629 1417 672 1428 --
692 1415 734 1428 --
753 1415 797 1430 ·-·-
836 1380 911 1442 Erit
943 1364 1043 1463 igitur
1067 1379 1225 1462 eloquens
1253 1379 1306 1458 is,
1350 1363 1362 1432 s

301 1489 415 1572 quiin
439 1491 510 1550 loro
534 1489 710 1572 causisque
732 1488 884 1550 civilibus
909 1487 955 1548 ita
983 1488 1092 1564 dicet,
1122 1501 1156 1550 ut
1172 1488 1310 1573 probet,

244 1619 247 1630 ·
300 1611 336 1671 ut
362 1597 512 1673 delectet,
543 1612 577 1660 ut
587 1595 704 1680 flectat
724 1598 762 1672 ¹¹).
804 1597 966 1674 Probare,
998 1595 1204 1661 necessitatis
1234 1605 1306 1670 esti

301 1705 485 1784 delectare,
526 1705 722 1776 suavitatis3
757 1691 912 1780 flectere,
944 1703 1112 1770 victoriae.
1164 1705 1245 1765 Nam
1273 1701 1312 1765 id
1396 1738 1405 1752 ν

302 1835 408 1877 unum
436 1835 474 1878 cu
499 1814 650 1878 omnibus
677 1814 719 1876 ad
740 1812 935 1876 obtinendas
962 1833 1077 1874 causas
1101 1821 1211 1896 potest
1232 1811 1312 1895 plu-

302 1921 434 1990 rimum.
478 1923 603 2001 (Ilia,
636 1946 663 1990 c.
688 1927 756 2004 ai.)
790 1958 832 1970 -
863 1957 906 1970 -
955 1922 1035 1982 Esse
1063 1921 1203 2004 (igitur)
1237 1941 1314 2003 per·

303 2033 383 2093 fecti
412 2031 599 2114 eloquentis
629 2042 730 2114 puto,
771 2053 836 2092 non
876 2051 946 2094 eam
982 2029 1087 2090 solum
1117 2026 1315 2089 facultatem

304 2139 444 2216 habere,
477 2141 622 2222 quaesit
645 2138 712 2222 ejus
727 2138 888 2223 propria,
909 2138 981 2199 fuse
1002 2137 1134 2219 lateque
1154 2133 1312 2214 dicendi,

307 2247 364 2310 sed
380 2247 479 2310 etiarn
493 2246 636 2308 vicinam
652 2245 721 2332 ejus
741 2256 839 2330 utque
854 2246 1040 2322 finitimam,
1063 2244 1314 2306 Dialecticorum

307 2355 480 2419 scientiam
495 2355 676 2416 adsumere.
720 2357 926 2436 Quamquam
943 2352 1033 2414 aliud
1047 2353 1178 2414 videtur
1193 2351 1313 2432 oratio,
1339 2391 1346 2400 ·

308 2461 399 2526 eliud
420 2461 601 2545 disputatio
610 2489 620 2538 ς
642 2483 703 2523 uec
725 2461 810 2524 idem
833 2461 925 2544 loqui
949 2483 1038 2539 esse,
1063 2461 1152 2544 quod
1178 2459 1312 2565 dicerer:

308 2581 451 2632 attamen
471 2578 649 2651 utrumque
666 2569 698 2628 in
721 2567 913 2630 disserendo
933 2579 1003 2648 eat,
1028 2573 1101 2648 (ut)
1122 2565 1320 2652 disputandi

307 2675 390 2738 ratio
412 2685 444 2738 et
464 2673 623 2758 loquendi
640 2675 900 2746 Dialecticorum
918 2677 980 2754 sit,
1016 2687 1185 2764 oratorum
1202 2684 1316 2743 autem

308 2781 440 2844 dicendi
466 2793 500 2844 ct
524 2784 672 2846 ornandi.
716 2785 805 2846 Zeno
827 2783 961 2870 quidem
977 2783 1054 2865 ille,
1083 2805 1188 2868 aquo
1211 2783 1315 2846 disci-

312 2951 664 2968 m

278 3023 286 3042 ⁸
352 3037 378 3110 ')
396 3039 538 3105 Fuerunt,
566 3047 594 3094 et
616 3040 683 3093 clari
703 3041 816 3113 quidem
834 3049 978 3106 auctores,
1007 3037 1108 3112 quibua
1129 3041 1219 3093 solum
1236 3037 1316 3094 vidc-

343 3141 345 3152 '
397 3141 472 3188 retur
487 3135 599 3189 oratoris
616 3135 733 3189 ollicium
751 3125 858 3219 doceqe.
894 3137 1020 3207 Namque
1037 3144 1064 3190 et
1079 3139 1190 3189 affectus
1207 3136 1316 3206 duplici

397 3231 503 3283 ratione
524 3231 713 3287 excludendos
735 3229 885 3302 putabant:
909 3233 1029 3302 primum
1045 3231 1110 3304 quia
1126 3231 1222 3288 uitium
1243 3239 1316 3285 esset

398 3325 485 3414 orpuis
503 3327 585 3378 animi
602 3326 789 3408 perturbati05
810 3326 928 3390 deinde,
950 3327 1015 3400 quia
1030 3326 1152 3394 judicem
1166 3342 1182 3376 a
1197 3325 1314 3382 veritate

398 3420 503 3493 depelli
521 3422 721 3486 misericordia,
747 3423 793 3475 vel
815 3424 855 3474 ira
871 3423 1061 3495 similibusque
1078 3439 1134 3475 uon
1155 3429 1311 3495 oporteret3

398 3525 429 3570 ct
446 3517 618 3588 voluptatem
639 3517 812 3571 audientium
831 3501 954 3591 petere,
971 3536 1034 3572 eum
1055 3519 1186 3573 vincendi
1202 3526 1314 3572 tantum
1347 3524 1353 3532 ‘

399 3614 484 3681 gratia
501 3613 657 3678 diceretur,
681 3631 739 3668 non
754 3614 837 3668 modo
855 3615 947 3683 agenti
963 3631 1178 3687 supervacuum,
1201 3613 1251 3668 sed
1265 3613 1313 3668 vix

312 3720 317 3730 ’
380 3709 483 3790 letiam
499 3710 556 3764 viro
573 3709 701 3778 dignum,
729 3709 938 3766 arbitrabantur.
974 3711 1069 3764 Plures
1084 3728 1167 3778 vero,
1194 3709 1315 3781 quince

369 3773 374 3800 l
400 3801 435 3854 ab
453 3804 507 3856 illis
521 3807 581 3859 rinc
597 3804 683 3858 dubio
701 3803 823 3878 partibus
836 3805 969 3860 rationem
983 3806 1079 3860 orandi
1093 3812 1315 3868 summovemus,

398 3893 455 3975 hoc
471 3908 566 3953 tamen
585 3901 723 3974 proprium
739 3918 772 3954 ac
788 3902 967 3974 praecipuum
981 3900 1128 3956 crederent
1149 3911 1235 3973 opus,
1265 3915 1316 3952 sua

402 3993 577 4061 confirmare,
597 4005 641 4061 et,
662 4013 734 4070 quac
752 4015 785 4050 ex
802 3996 915 4052 adverso
931 3996 1164 4072 proponerentur,
1184 3995 1315 4051 refutare.

400 4089 461 4161 (Ito
478 4091 595 4159 Quintil.
610 4091 631 4147 l.
648 4091 681 4148 V.
697 4091 879 4168 inprocera.)

1029 4176 1041 4217 i
