2844 4874
568 413 621 488 79

99 609 230 672 Facinus
246 623 312 686 est,
331 611 457 696 nincirc
474 611 570 673 civem
587 631 749 675 romanum
758 659 772 688 ,
792 616 892 677 scelus
908 615 1095 693 verberare,

96 741 186 804 prope
206 721 422 805 parricidium
445 743 576 784 nccare:
605 723 686 810 quid
707 723 812 784 dicam
833 726 867 786 in
890 745 1013 788 crucem
1032 729 1095 789 tol-
1148 775 1150 782 .

56 871 58 902 ,
97 827 175 888 lere?
205 829 290 890 Nam
308 839 358 908 et,
383 830 559 894 sitantum
577 833 759 894 verberatus
777 841 884 910 esset,
904 855 972 895 uno
990 835 1093 918 gradu

96 934 294 1014 increverat,
317 940 469 1021 ponendo
487 939 586 1002 etiam
608 941 646 1000 id
664 931 888 1024 ersefacinue,
918 943 1094 1025 quoderat

96 1041 232 1108 inferius.
277 1047 342 1124 Et,
366 1047 537 1110 sitantum
555 1051 675 1112 occisus
694 1057 798 1140 esset,
820 1069 879 1133 per
892 1048 1094 1132 plureegra-

95 1153 146 1216 duc
172 1155 380 1220 ascenderat.
423 1159 533 1236 Quum
558 1177 636 1220 vero
657 1155 814 1236 dixerit,=
828 1177 929 1243 prope
951 1160 1094 1242 parrici-
1166 1179 1185 1188 “

96 1263 172 1326 dium
191 1285 308 1326 necare
318 1311 331 1340 ,
353 1286 450 1349 snpra
469 1265 557 1348 quod
577 1264 659 1326 nihil
681 1277 748 1339 est;
780 1265 918 1352 adjecit,
941 1268 1022 1355 qnid
1038 1268 1094 1329 di-

95 1393 152 1434 cam
172 1377 205 1436 in
224 1397 353 1438 crucem
369 1378 501 1438 tollere?
542 1377 591 1438 lta
613 1397 715 1458 quum
733 1375 785 1452 id,
809 1361 899 1460 quocl
916 1378 1092 1439 maximum

95 1491 151 1560 est,
173 1493 394 1568 occupasset,
412 1490 554 1548 'necesse
574 1484 696 1545 eratin
719 1503 778 1563 eo,
803 1485 892 1568 quod
912 1485 1000 1547 ultra
1022 1493 1089 1565 est,

93 1591 177 1650 verba
198 1591 354 1654 deficere.
397 1591 452 1653 Fit
472 1603 505 1654 et
522 1590 617 1654 aliter
628 1605 729 1674 supra'
747 1613 909 1655 summurn
926 1591 1087 1678 adjectioc

97 1707 126 1757 ut
144 1698 226 1782 apud
244 1697 426 1784 Virgilium
449 1699 490 1762 de
508 1681 639 1799 Lause:¹
653 1700 680 1777 *l

223 1878 256 1890 -
285 1876 315 1890 -·
341 1852 401 1916 Quo
417 1845 566 1919 pulchrior
583 1848 658 1902 alter

223 1953 295 2025 Non
305 1951 385 2026 suit,
414 1964 529 2021 excepto
546 1951 832 2021 Laurentiscorporc
852 1951 953 2005 Turni.

94 2097 244 2162 Summum
263 2111 318 2164 est
334 2101 435 2178 enim,
455 2087 705 2188 Quo-pulchrior
720 2101 799 2163 alter
810 2101 959 2184 nonfuit.
1001 2099 1087 2164 Huic

96 2205 197 2273 deinde
217 2209 351 2294 aliquid
372 2207 613 2293 superpositum
634 2220 692 2272 est.
735 2207 866 2270 Tertius
886 2231 1020 2292 quoque
1038 2215 1088 2270 est

96 2318 216 2396 modus,
250 2318 295 2380 ad
316 2341 412 2402 quem
434 2338 501 2378 non
524 2339 583 2401 per
598 2315 714 2402 gradus
732 2309 818 2393 itur,
851 2325 887 2376 ut
907 2315 997 2399 quod
1020 2337 1088 2380 nou
1201 2327 1204 2335 '

97 2435 134 2487 cst
154 2428 226 2509 plus
251 2429 353 2512 quarn
379 2427 574 2504 maximum,
606 2425 664 2488 sed
682 2436 753 2508 'quo
782 2425 866 2487 nihil
896 2424 1000 2511 majus
1026 2433 1086 2502 eet.

95 2532 212 2596 Matrem
233 2549 322 2598 tunm
345 2535 497 2600 cecidisti.
541 2533 629 2623 Quid
644 2533 750 2596 dicam
767 2536 926 2622 amplius?
958 2548 1087 2596 matrem

95 2617 164 2704 tecm
192 2643 342 2707 cecidisti
365 2646 422 2722 '*).
463 2646 545 2706 Nam
573 2656 607 2708 et
633 2645 697 2706 hoc
724 2644 863 2726 augendi
888 2663 990 2726 genus
1017 2655 1085 2720 eet,

94 2756 206 2816 tantum
222 2751 353 2836 aliquid
369 2753 515 2831 efficere,
539 2761 576 2814 ut
594 2773 659 2814 non
676 2751 780 2836 possit
794 2751 914 2835 augeri.
957 2751 1086 2816 Crescit

95 2861 313 2924 oratiominuc
335 2871 465 2944 aperte,
501 2860 557 2924 sed
577 2860 709 2939 nescio,
742 2881 782 2920 an
805 2860 867 2921 hoc
889 2858 1086 2942 ipsoefficn-

95 2963 170 3045 eius,
193 2993 299 3054 quum
322 2970 404 3032 citra
426 2967 673 3032 distinctionem
697 2968 730 3029 in
751 2977 909 3030 contextu
931 2977 964 3034 et
983 2987 1085 3028 cursu

94 3089 207 3158 semper
223 3077 352 3160 aliquid
368 3077 476 3160 priore
493 3074 595 3162 majac
613 3075 820 3159 insequitur;
844 3085 882 3138 ut
902 3073 941 3136 de
958 3074 1084 3157 vomitu

95 3175 120 3237 in
132 3180 313 3248 Antonium
331 3185 463 3247 Cicero:
480 3183 542 3264 ““)
564 3186 605 3248 ln
622 3199 710 3247 coetu
726 3205 804 3246 vero
817 3184 931 3268 populi
945 3182 1084 3254 romani,

94 3296 236 3369 negocium
253 3295 416 3379 publicum
435 3316 568 3376 gerens,
597 3296 743 3376 magister
760 3293 908 3379 equitum.
950 3288 1084 3370 Singula
1123 3311 1125 3318 ·

94 3391 323 3466 incrementum
348 3401 480 3467 hahent.
523 3403 586 3466 Per
612 3425 646 3466 ce
673 3403 837 3480 deforme,
872 3397 924 3460 vel
951 3417 1017 3458 non
1046 3394 1081 3456 in

93 3517 196 3587 coetu,
218 3531 368 3584 comem
394 3511 431 3580 in
448 3521 547 3574 coetu
567 3509 684 3590 etiam,
716 3531 782 3573 non
798 3507 935 3595 populi;
967 3501 1080 3590 populi

90 3671 459 3698 ζψ---ι-ι--ω--ι-ι-ι-

119 3774 142 3845 ¹)
168 3783 240 3854 Vrrg.
261 3783 327 3836 Aen.
345 3783 364 3838 l.
384 3783 446 3836 v11.
465 3799 491 3834 v.
509 3779 570 3854 ⁶49·

111 3867 146 3942 ”l
167 3879 278 3932 Plurimi
301 3880 353 3947 leg.
381 3873 520 3933 cecidisti.
545 3904 577 3918 ·-
620 3876 767 3940 Ceterum,
804 3874 878 3930 unde
905 3875 1002 3950 Quint.
1025 3871 1077 3928 hoc

169 3974 306 4039 sumserit,
326 3975 462 4042 nescitum
488 3973 558 4026 forte
576 3972 633 4044 ipse
650 3971 731 4027 finxit
749 3972 913 4044 exemplum.

101 4051 147 4134 “·)
169 4065 222 4125 cie.
241 4067 361 4143 rnnipp.
379 4071 416 4125 11.
441 4085 466 4124 c.
484 4075 526 4130 ac
546 4069 571 4137 t.
588 4070 632 4124 cr.
