2942 4864
799 495 883 572 292

345 693 426 756 haee
452 705 573 756 ennete
600 690 781 776 corrumpit
803 712 841 752 nc
867 687 1099 772 propemodum
1122 685 1238 769 perdit·
1254 681 1346 748 inde·

346 819 439 876 corn,
461 801 513 861 rel
528 821 610 864 voce
626 801 678 863 rei
697 812 809 882 gestu,
829 798 1063 884 pronunciatio.
1106 795 1190 856 Huic
1210 814 1347 878 quoque

346 907 446 992 igitur
466 905 661 969 tribuendus
684 918 734 970 est
755 903 939 968 necessario
963 901 1100 986 quintus
1122 902 1224 976 locue.
1271 988 1275 994 ι

406 1015 474 1078 Nec
492 1013 647 1077 audiendi
668 1014 820 1097 quidam,
852 1032 992 1096 qnorum
1013 1019 1063 1072 est
1080 1005 1347 1090 Albutiussqtti

346 1131 412 1186 tres
441 1121 538 1184 modo
564 1121 683 1205 primns
709 1142 779 1183 esse
802 1131 910 1204 partes
929 1118 1063 1180 volunt:
1098 1117 1176 1200 quia
1191 1118 1346 1178 tnenroria

346 1243 445 1314 atque
473 1231 554 1290 actio
588 1237 723 1302 natura,
758 1249 823 1287 non
847 1237 934 1300 arte,
968 1226 1160 1307 contingant
1188 1231 1346 1306 (quarum

346 1358 405 1398 nos
423 1347 595 1420 praecepta
610 1309 669 1393 enti
687 1334 761 1394 ioco
779 1335 962 1412 dabimus);
986 1333 1065 1395 licet
1077 1332 1344 1414 'Tlirnsymnoluss

346 1464 479 1526 qnoque
498 1443 584 1503 idem
603 1443 643 1502 dc
661 1445 784 1504 actione
805 1421 981 1508 crediderit
998 1443 1034 1522 *).
1077 1445 1134 1505 His
1154 1441 1347 1525 adjecerunt

347 1549 482 1634 quidem
509 1559 631 1612 sextam
663 1562 807 1633 purtem,
843 1551 890 1614 itn
919 1561 956 1612 ut
984 1550 1169 1614 inventioni
1186 1551 1347 1633 judicium

347 1659 600 1732 subnecterent;
640 1659 717 1741 quia
745 1659 886 1745 primum
917 1671 1004 1722 esset
1032 1661 1171 1721 invenire
1181 1703 1193 1732 ,
1225 1659 1346 1723 deinde

340 1765 495 1848 judicare.
537 1767 606 1847 Ego
623 1787 720 1848 porro
739 1789 779 1828 ne
796 1766 961 1828 invenisse
982 1767 1115 1849 quidem
1134 1766 1231 1830 credo
1252 1789 1347 1843 eum,

346 1872 405 1956 qui
426 1893 492 1948 non
511 1871 685 1955 judicarit:
710 1867 817 1955 neque
836 1873 923 1934 enim
941 1873 1346 1952 contrarin‚.comn1unia,

347 1979 448 2043 stulte
481 1982 635 2042 invenisse
670 1979 792 2042 dicitur
818 1981 1013 2064 quisquam,
1044 1980 1102 2042 sed
1128 2003 1191 2042 non
1217 1984 1345 2042 vitasse.

345 2087 388 2150 Et
415 2087 531 2151 Cicero
565 2087 698 2172 quidem
729 2087 764 2148 in
794 2087 978 2150 Rhetoricis
1008 2073 1169 2171 judiciuin
1203 2068 1347 2170 subjecit

346 2193 529 2258 inventioni
543 2196 606 2276 *Ἲς
629 2195 708 2256 mihi
723 2207 832 2258 autem
849 2195 929 2257 adeo
944 2196 1050 2258 tribus
1067 2195 1179 2278 primis
1195 2197 1344 2278 partibus

345 2301 477 2365 videtur
501 2325 572 2366 esse
596 2304 790 2388 permixtum
819 2308 912 2375 (num
939 2325 1046 2386 neque
1075 2303 1244 2393 dispositio
1273 2305 1346 2368 sine

270 2443 274 2450 ·
347 2432 406 2489 eo,
436 2433 545 2494 neque
563 2414 699 2472 elocutio
721 2411 857 2489 fuerit),
892 2421 929 2473 ut
944 2407 1240 2499 pronunciationem
1261 2435 1346 2496 quo-

347 2539 414 2602 qne
434 2517 486 2580 rel
506 2507 691 2601 plurimum
712 2539 751 2580 ex
772 2540 809 2581 eo
831 2520 973 2582 mutuari
994 2532 1117 2603 putem.
1160 2523 1257 2599 Quod
1280 2522 1343 2584 hoe

347 2624 502 2686 audacius
528 2624 682 2702 dixerim,
714 2625 801 2708 quod
827 2627 861 2686 in
879 2629 1107 2691 Partitionibus
1133 2634 1279 2692 oratoriis
1305 2631 1345 2691 ad

348 2733 477 2794 easdem
498 2731 579 2809 Μ),
610 2730 649 2794 de
678 2732 798 2815 quibus
827 2755 923 2816 snpra
951 2733 1165 2812 dictumest,
1195 2737 1344 2820 quinque

346 2838 498 2924 pervenit
521 2849 639 2923 partes.
682 2843 762 2902 Nam
784 2861 886 2924 quum
907 2840 1086 2924 dupliciter
1104 2844 1244 2926 primum
1266 2843 1344 2904 divi-

347 2946 465 3026 sisset,
496 2948 532 3010 in
554 2951 762 3011 inventionem
783 2959 882 3033 atque
902 2951 1128 3023 elocutionem,
1150 2974 1201 3012 res
1223 2975 1260 3012 ac
1275 2953 1344 3013 dis-

347 3056 543 3141 positionem
580 3056 785 3136 inventioni,
825 3058 923 3120 verba
966 3068 999 3119 et
1037 3060 1345 3143 pronunciationem

323 3247 326 3253 Ι
348 3165 530 3228 elocutioni
546 3165 655 3241 dedit;
681 3167 897 3252 quintamque
914 3166 1105 3241 constituit,
1128 3187 1343 3244 communem,

348 3294 387 3337 ne
400 3273 493 3336 velut
512 3272 681 3336 custodem
696 3274 854 3349 omnium,
877 3276 1067 3335 memoriam.
1109 3274 1199 3337 Idem
1216 3275 1248 3336 in
1264 3275 1345 3335 Ora-

350 3397 417 3446 tore
429 3381 529 3456 '***),
551 3382 700 3466 quinque
717 3381 814 3444 rebus
831 3391 981 3443 constare
995 3379 1229 3472 eipquentinm,
1247 3381 1344 3446 dicit:
1457 3403 1458 3408 ¹

230 3568 235 3577 .
349 3491 386 3553 in
412 3490 531 3576 quibus
556 3499 668 3576 postea
696 3487 827 3572 scriptis
855 3489 977 3552 certior
1005 3486 1073 3574 ejus
1099 3491 1260 3554 sententio
1287 3499 1344 3552 est

348 3598 421 3660 Non
450 3598 558 3658 minue
589 3594 668 3658 mihi
687 3596 808 3681 *cupidi
840 3596 995 3661 novitatis
1024 3597 1161 3682 alicujus
1193 3597 1347 3662 videntur

349 3707 706 3724 m

399 3755 424 3826 ')
440 3759 483 3813 De
497 3760 636 3828 Thrasym.
654 3759 717 3816 vide
733 3761 754 3829 ς.
769 3761 812 3817 so.
830 3769 903 3815 note.

314 3877 324 3914 .·
371 3849 424 3921 ·“)
442 3855 498 3936 «ln
511 3853 690 3908 Rhetoricis»
711 3855 746 3908 sd
766 3855 849 3910 libros
869 3853 902 3909 de
920 3857 1025 3910 Iacent.
1046 3855 1157 3910 videtur
1177 3851 1348 3911 referendum

437 3964 509 4016 επις
537 3943 585 4004 ubi
601 3958 693 4004 tamen
708 3950 805 4004 frustra
822 3951 894 4004 iliud
908 3950 1083 4040 ripaesiteris.

255 4067 258 4072 ·
369 4030 794 4112 mmmmmmc

353 4133 420 4204 Μ’)
442 4134 484 4190 td
500 4137 577 4191 Orat.
594 4153 617 4190 c.
634 4137 697 4191 xlv
709 4155 785 4212 seqq.
802 4138 949 4212 respexisse
963 4137 1064 4194 Fabius
1077 4137 1192 4196 ridetur.
