2814 4872
808 411 865 491 98

337 625 424 689 vidit
434 670 448 699 ,
468 625 658 710 reipublicae
676 623 828 686 reddidit.
850 655 892 671 -
912 656 954 670 -
994 619 1055 682 cui
1078 619 1242 684 diversum
1266 627 1344 701 est,
1401 619 1402 626 '

285 731 287 743 '
339 756 442 818 quum
462 735 561 796 alium
584 735 748 818 rogaveris
768 754 833 793 uon
854 739 1044 813 exspectare
1059 749 1275 813 responsum,
1312 737 1345 792 et

256 894 258 903 ,
338 843 448 908 statim
466 840 645 926 subjicere:
677 846 797 905 Domus
818 841 876 903 tibi
893 838 1024 900 deerat?
1044 851 1077 900 ut
1093 839 1236 904 habebas.
1280 841 1345 901 Pe-

338 953 434 1016 cunia
452 953 642 1036 superabat>
673 966 705 1014 at
723 946 830 1032 egebas
849 951 885 1026 Ἰ.
930 947 1027 1029 Quod
1049 947 1179 1044 schema
1208 945 1344 1030 quidam
1400 967 1402 1012 t

336 1085 396 1148 per
427 1062 669 1144 suggestionem
695 1071 817 1122 vocant
845 1059 900 1138 **).
951 1058 1033 1146 Mire
1059 1078 1136 1118 vero
1166 1056 1200 1117 in
1233 1054 1344 1116 causis
1400 1017 1402 1092 i

335 1169 425 1231 valet
441 1172 654 1252 praesumtio,
692 1190 776 1252 quae
797 1167 959 1250 πρόληψις
982 1165 1126 1242 dicitur,
1162 1185 1266 1247 quum
1294 1161 1346 1237 id,
1400 1179 1402 1184 ’

233 1355 235 1366 Ι
275 1337 282 1350 ,
317 1278 427 1378 ιιῙιιοά
452 1275 550 1359 objici
578 1286 708 1360 potest,
742 1297 963 1362 occupamus.’
1006 1273 1042 1334 ld
1067 1269 1174 1357 ne'que
1203 1271 1236 1332 iu
1271 1269 1345 1331 aliis

335 1383 484 1469 partibus
504 1405 619 1467 parum
637 1395 707 1464 est,
739 1396 771 1447 et
789 1384 964 1469 praecipue
989 1380 1157 1465 prooemio
1175 1378 1345 1442 convenit.
1400 1397 1402 1402 ·

281 1535 284 1540 -
335 1492 411 1570 Sed,
437 1513 635 1576 quamquam
648 1493 775 1576 generis
790 1493 907 1568 unius,
929 1491 1076 1554 diversus
1092 1500 1200 1551 tamen
1216 1488 1346 1572 species

334 1598 443 1662 habet.
465 1633 507 1648 -
527 1635 569 1648 —
611 1601 727 1663 Adfert
746 1601 890 1684 aliquam
912 1599 1008 1662 fidem
1026 1599 1174 1661 veritatis
1195 1606 1227 1659 et
1247 1598 1346 1658 dubi-

336 1711 414 1772 tatio
423 1752 437 1781 ,
460 1730 562 1792 quum
583 1709 774 1770 simulamus
796 1729 951 1800 quaerere
970 1729 1051 1785 nus,
1074 1705 1162 1770 unde
1180 1705 1346 1788 incipieu·
1401 1753 1402 1784 5

336 1815 433 1894 dum,
468 1816 524 1877 ubi
544 1815 783 1895 desinendum,
816 1815 896 1901 quid
917 1814 1125 1898 potissimum
1144 1813 1343 1889 dicendum,
1401 1851 1402 1888 a

336 1943 377 1984 an
399 1925 535 1984 omnino
556 1923 735 1986 dicendum
760 1924 812 1986 sit.
855 1920 1045 2006 Cuiusmodi
1068 1921 1223 2004 exemplis
1244 1922 1344 2004 plena
1400 1901 1402 1962 ἶ

336 2038 416 2090 sunt
430 2030 559 2108 omuia‚·
583 2032 640 2094 sed
656 2055 760 2094 unum
777 2030 910 2094 interim
925 2029 1061 2091 suffieit:
1077 2030 1149 2108 ω),
1168 2031 1344 2118 Equidem,

280 2187 287 2209 s
335 2139 424 2226 quod
450 2141 493 2202 ad
525 2162 573 2202 me
604 2145 734 2214 attinet,
765 2164 827 2230 quo
852 2163 900 2202 nie
927 2155 1048 2204 vertam
1072 2145 1188 2202 nescio.
1230 2143 1344 2223 Negem

324 2247 432 2332 suaa
445 2247 608 2332 infamiam
617 2221 738 2333 iadau
751 2251 915 2336 corrupit?
931 2260 993 2310 etc.
1009 2247 1089 2326 ****)

334 2367 422 2418 mate
442 2378 508 2418 non
532 2357 647 2439 procul
673 2359 764 2419 abest
784 2357 864 2434 illa,
908 2369 991 2440 quae
1017 2354 1143 2420 dicitur
1167 2357 1344 2419 communi-

1120 2247 1147 2308 A
1166 2243 1232 2332 qua
1246 2249 1345 2310 sche-

337 2465 447 2533 catio‚
482 2484 584 2545 quum
609 2473 664 2523 aut
689 2463 777 2547 ipsos
809 2463 1011 2526 adversarios
1042 2463 1267 2542 consulimus,
1310 2473 1345 2525 ut

168 2603 170 2611 ·
279 2622 283 2635 ,
335 2569 499 2630 Domitius
527 2572 604 2631 Afer
626 2587 685 2652 pro
704 2569 896 2632 Cloantilla:
938 2571 983 2631 At
1002 2573 1059 2632 itta
1080 2574 1178 2634 nescit
1198 2573 1345 2652 trepida,

337 2675 419 2760 quid
428 2678 521 2736 liceat
528 2677 693 2760 feminae,
715 2677 796 2764 quid
809 2683 967 2760 conjugem
987 2677 1094 2740 deceat
1103 2705 1116 2751 ;
1129 2680 1218 2764 sorte
1233 2703 1296 2742 vos
1313 2681 1344 2738 in
1400 2703 1401 2712 ¹

338 2785 401 2846 illu
414 2785 585 2846 solitudine
608 2787 714 2847 obvios
734 2808 824 2848 casus
841 2789 972 2849 miserae
990 2773 1117 2850 mulieri
1131 2789 1249 2851 obtulit.
1298 2792 1329 2852 T
1326 2811 1344 2850 u

328 2893 435 2981 stater
444 2939 457 2966 ‚
478 2915 538 2956 uos
558 2895 686 2980 paterni
707 2896 824 2968 amici,
846 2895 935 2982 quod
953 2899 1117 2960 consilium
1136 2897 1247 2958 datis?
1278 2899 1343 2958 Aut

340 3019 417 3064 uum
442 2985 606 3084 judicibus
634 3002 727 3085 quasi
747 2999 982 3083 deliberamus,
1015 3006 1104 3088 quod
1121 3016 1169 3068 est
1186 3007 1343 3089 frequen·

340 3109 521 3170 tissimum:
546 3109 635 3198 Quid
647 3110 809 3172 suadetis?
830 3120 882 3189 et,
908 3113 973 3174 Vos
987 3115 1158 3195 interrogo,
1180 3113 1262 3200 quid
1275 3129 1343 3176 tan·
1399 3145 1400 3186 t

341 3217 413 3278 dem
426 3217 502 3297 fieri
519 3220 683 3303 oportuit?
703 3235 745 3268 -·-
766 3197 819 3268 -Ι
848 3219 913 3282 Sed
933 3243 1179 3305 nonnumquam
1197 3242 1345 3284 commu·
1399 3195 1400 3268 i

344 3325 493 3388 nicantes
517 3325 643 3408 aliquid
659 3326 903 3410 inexpectatum
921 3303 1167 3414 subjungimus,
1201 3330 1291 3412 quod
1313 3335 1343 3389 et
1399 3325 1400 3336 *

343 3454 403 3523 per
431 3455 466 3494 se
489 3433 619 3495 schema
651 3446 718 3509 est;
753 3436 847 3498 utin
871 3439 1058 3518 Venem†)
1082 3439 1215 3501 Cicero:
1259 3432 1345 3525 Quid

358 3595 699 3626 m·-

380 3678 406 3749 *)
433 3681 474 3735 cf.
497 3684 553 3736 Cic.
569 3648 634 3736 urat..
647 3699 676 3740 t:-
690 3685 734 3752 67.

368 3772 408 3843 **)
432 3775 516 3829 Multi
528 3778 863 3850 leguntusubjectionem.

356 3867 410 3940 aas)
434 3871 502 3923 atii:
526 3871 577 3925 sed
591 3892 675 3926 unum
689 3874 817 3946 sufficiet.

347 3963 421 4034 Μ’)
434 3965 491 4018 cic.
510 3984 557 4040 pru
577 3969 687 4023 Cluent.
707 3985 731 4024 c.
753 3987 775 4025 ι.

384 4060 597 4131 ᾓιῐαᾶ
