2888 4876
21 4137 24 4176 Ι

621 353 677 485 ιι

145 602 297 712 pluribus
321 603 429 668 ,modis
453 604 645 691 accipimus.
679 607 821 688 Unum,
849 607 882 670 in
907 621 1016 690 genam
1051 606 1149 692 quale

146 712 214 792 sit,
254 713 283 774 si
309 713 383 796 quis
411 713 527 776 Afrum
555 713 608 776 vel
641 713 821 800 Hispanum
852 715 974 777 latinae
1006 713 1146 778 orationi

145 835 268 882 n‘omen
284 814 416 882 inseras.
431 855 474 868 -
489 855 530 868 —
571 819 721 886 Alterum
739 843 840 904 genus
858 817 1047 886 barbarismi
1060 822 1150 884 acci-

115 941 116 950 *
143 928 282 1014 pimus,
305 928 395 1012 qnod
413 925 566 992 fil'animi
583 940 700 992 ustura
710 975 720 1008 ,
750 942 788 993 ut
804 930 851 1009 is,
883 951 901 990 a
919 953 985 1014 quo
1002 929 1150 992 insolen-

144 1037 203 1100 ter
215 1035 297 1119 quid
313 1047 369 1098 aut
386 1038 559 1102 minaciter
576 1050 633 1104 aut
651 1037 830 1104 crudeliter
846 1038 974 1104 dictum
990 1039 1050 1116 sit,
1073 1039 1151 1101 bar·
1174 1059 1177 1067 ’

143 1145 224 1208 bare
251 1141 386 1207 ldcutus
413 1145 624 1210 existimetur.
674 1147 824 1210 Tertium
850 1157 899 1210 est
922 1145 1005 1218 illud
1032 1146 1150 1210 vitium

143 1255 363 1327 Barbarismi,
394 1255 487 1338 cujus
515 1256 660 1339 exemplu
677 1239 803 1339 vblgo
794 1264 873 1318 sunl
889 1255 1050 1339 plurima,
1087 1253 1150 1316 sibi

144 1361 247 1424 etiam
270 1361 412 1444 quisque
430 1361 691 1446 fingerepotesls
724 1374 761 1425 ut
780 1365 902 1464 verbo,
933 1361 989 1426 cui
1013 1361 1149 1452 libebit,
1196 1397 1202 1408 ·

144 1467 281 1552 adjiciat
303 1469 432 1550 literam
458 1470 673 1574 syllabamve,
702 1471 755 1536 vel
776 1447 948 1549 detrabat,
978 1469 1152 1536 eutalium

144 1596 203 1658 pro
232 1576 313 1654 elia,
348 1587 405 1639 aut
428 1579 563 1640 eandem
590 1563 680 1659 alio,
707 1603 804 1664 quam
823 1591 951 1644 rectum
973 1587 1043 1656 est,
1075 1577 1151 1651 loeo

144 1694 258 1768 ponat.
311 1684 411 1764 (lhid.
442 1685 463 1746 l.
488 1687 514 1754 I.
546 1709 574 1749 c.
600 1690 712 1765 5.)-
753 1689 939 1772 Κοινισμὸς
968 1686 1153 1770 appellatur

147 1791 310 1874 quaedam
327 1791 425 1854 mixta
448 1814 487 1855 ex
503 1793 591 1856 varia
609 1795 736 1858 ratione
753 1785 940 1879 linguarum
957 1794 1081 1873 oratio,
1114 1802 1153 1855 ut

145 1899 173 1962 si
194 1899 321 1963 Atticis
346 1899 483 1978 Dorica,
513 1902 648 1981 ionica,
676 1904 812 1966 'Aeolica
837 1903 934 1966 eliam
958 1903 1047 1966 dicta
1071 1922 1155 1964 con·

143 2007 276 2072 fundas.
330 2007 391 2069 Cui
419 2007 525 2072 simile
557 2009 673 2071 vitium
701 2021 752 2074 est
786 2010 872 2094 apud
890 2031 983 2088 nos,
1022 2009 1050 2070 si
1078 2009 1152 2094 quis

145 2115 300 2202 sublimia
319 2113 520 2193 humilibus,
538 2128 655 2179 *vetera
674 2116 787 2196 novis,
818 2116 947 2202 poetica
963 2116 1152 2200 vulgaribus

145 2225 293 2286 misceat.
337 2222 436 2303 (lhid.
463 2222 484 2282 l.
504 2223 591 2286 Vlll.
612 2245 640 2286 c.
660 2224 708 2302 5.)
731 2223 768 2302 *).

210 2330 320 2414 [Vitia
341 2332 562 2418 perspicuitati
589 2352 650 2403 uec
676 2353 741 2392 non
763 2328 936 2394 urbdnitati
953 2327 1151 2410 contraria]

147 2441 279 2528 Quintil.
302 2443 394 2520 (lust.
412 2445 470 2520 or.)
493 2441 674 2503 Obscuritas
691 2439 728 2500 fit
743 2439 851 2502 verbis
869 2439 987 2502 abusu
1003 2434 1152 2531 remotim

146 2557 194 2626 ut,
217 2549 245 2608 si
262 2550 512 2620 commentarios
530 2549 606 2634 quis
622 2549 870 2634 pontificum**)
884 2557 917 2612 el
930 2547 1154 2642 vetustissima

147 2655 279 2720 foedera
289 2667 322 2719 et
335 2649 476 2721 exoletos
489 2667 654 2722 scrutalus
668 2667 832 2738 auctores,
852 2656 885 2721 id
894 2656 1002 2744 ipsum
1013 2666 1104 2741 petat
1115 2677 1155 2719 ex

148 2809 500 2828 m

160 2919 209 2994 ,“)
233 2926 421 2996 Hermogenes
449 2941 571 2998 =quoque
595 2923 686 2997 ¹plora
720 2923 846 2993 designas
877 2922 1008 2976 sermonis
1027 2920 1155 2994 ¹puritati

235 3020 372 3072 contraria
396 3039 422 3077 ι.
442 3036 465 3074 c.
492 3028 530 3080 τὸ
556 3019 730 3094 ὑβιρβατόιι.
765 3019 921 3076 'Eremos
945 3018 1155 3095 καθαρότητος

234 3120 288 3172 καὶ
305 3123 342 3184 τὸ
360 3115 586 3190 ὑπερβατόν
606 3115 645 3183 [l.
665 3132 688 3168 c.
706 3112 726 3164 l.
746 3113 767 3167 I.
787 3133 815 3184 p.
834 3109 917 3179 37.];'
946 3097 1024 3187 quod
1042 3111 1155 3184 quidem

236 3227 252 3262 a
278 3210 452 3281 Quintiliano
479 3211 551 3264 inter
578 3209 742 3263 elocutionis
769 3207 883 3260 virtutes
915 3205 1041 3258 habetur
1090 3206 1154 3260 vid.

220 3305 304 3362 -Inst
324 3324 361 3359 οι.
381 3304 587 3362 l.vl11.c.6.
608 3307 631 3372 §-
650 3306 711 3369 62,
738 3302 812 3354 ubi
805 3311 844 3354 sla
862 3301 977 3370 legitur:
1013 3298 1157 3372 Hyperha·

237 3409 286 3453 ton
305 3419 437 3474 quoqne,
465 3400 482 3454 i.
502 3419 525 3454 e
550 3399 628 3456 verbi
653 3397 920 3470 transgressionem,
946 3394 1076 3468 quoniam
1101 3394 1164 3475 ire-k

147 3498 150 3503 ’
237 3507 355 3567 quenter
373 3499 441 3549 ratio
461 3496 669 3570 comparationis
688 3504 715 3550 et
735 3495 818 3548 decor
836 3493 943 3568 poscit,
980 3509 1037 3544 nou
1060 3490 1156 3544 imme-

236 3589 290 3644 rito
308 3592 379 3646 inter
396 3593 510 3646 virtutes
529 3591 669 3645 habemns.
705 3590 745 3644 cf.
765 3589 783 3644 l.
802 3591 880 3642 VIII.
906 3607 928 3642 c.
948 3589 973 3641 6.
1001 3585 1021 3660 §.
1041 3588 1083 3642 66.
1120 3589 1156 3640 lt.

238 3686 322 3738 Arist.
338 3685 414 3740 Rhet.
430 3685 466 3738 acl
481 3685 557 3738 Alex.
573 3703 596 3739 c.
611 3685 652 3737 31.
672 3713 704 3724 -
740 3685 858 3755 Longin.
874 3683 921 3755 (de
935 3681 1042 3756 sublim.
1060 3683 1086 3734 S.
1102 3679 1157 3751 ιι.)

239 3783 281 3836 τὰ
310 3781 462 3856 ὑπιρβατὰ
492 3779 564 3834 inter
590 3779 768 3834 sublimitatis
800 3763 965 3834 elocutionis
996 3775 1157 3848 adjumenta
1203 3809 1205 3821 ι

239 3885 373 3930 numerat.
406 3897 414 3929 ι

181 3963 219 4037 **)
241 3969 283 4022 De
302 3969 500 4060 commentariis
517 3969 680 4040 pontificum
694 3967 816 4043 inprimis
832 3969 1028 4044 comparandus
1045 3969 1154 4031 Cicero.
1182 4027 1183 4038 ,

243 4065 277 4146 de
295 4074 361 4120 orat.
380 4066 399 4120 l.
419 4067 457 4120 11.
477 4081 502 4122 c.
524 4083 562 4120 ιι.
582 4063 603 4138 §
624 4065 677 4152 διε
