2902 4866
722 545 727 558 Ι
750 438 833 514 478

353 618 435 700 Inde
449 635 619 719 paullatim
636 635 680 697 acl
693 636 814 722 majora
836 636 1139 720 tenderainpipiet,
1162 637 1293 703 laudare

292 747 394 806 claros
411 747 500 808 viros
513 789 524 820 ,
553 752 585 808 et
605 746 787 831 uituperare
806 747 982 826 improbos:
1018 744 1108 826 quod
1130 767 1196 806 uon
1215 745 1293 806 sim·

248 918 253 923 ,
291 851 388 935 plicis
415 851 568 912 utilitatis
587 871 668 935 opus
688 862 747 914 est.
791 853 940 936 Namque
957 853 1180 934 utingenium
1199 867 1292 914 exer-

293 973 388 1024 cetur
410 961 586 1044 multiplici
621 962 776 1044 variaque
806 961 959 1037 materia,
993 971 1026 1022 et
1054 963 1183 1021 animus
1211 983 1294 1024 con-

292 1067 610 1158 templatiopfftecti
640 1068 797 1154 pravique
826 1069 1004 1144 formatur,
1036 1078 1069 1130 et
1089 1068 1192 1129 multa
1216 1069 1294 1130 inde

247 1209 249 1214 ·
288 1178 437 1262 ,cognitio
468 1181 578 1243 rerum
611 1176 720 1238 venit:
752 1164 998 1258 exemplisque5
1033 1197 1117 1258 quae
1152 1188 1230 1239 sunt
1258 1178 1294 1236 in

293 1285 382 1345 omni
398 1305 514 1368 genere
530 1305 702 1346 causarum
717 1281 964 1366 potentissima,
987 1283 1139 1366 jamtum
1156 1285 1297 1346 instrui-

294 1401 504 1472 tur;,quum
532 1411 584 1452 res
610 1401 741 1474 poscet,
775 1411 907 1450 usurus.
957 1391 1044 1454 Hinc
1076 1390 1132 1451 illa
1159 1413 1296 1474 quoque
1339 1371 1365 1470 .-

217 1490 222 1498 ’
293 1498 482 1560 exercitatio
509 1500 599 1558 subit
624 1499 895 1584 consparotiom‘s,
929 1512 998 1560 uter
1024 1501 1136 1560 melior
1147 1543 1164 1572 ,1
1190 1512 1296 1560 uterve

292 1605 456 1667 deterior?
484 1625 568 1687 quae
592 1625 782 1688 quanquam
799 1615 950 1668 versatur
977 1605 1011 1667 in
1030 1606 1158 1670 ratione
1174 1605 1296 1682 simili,

293 1725 401 1776 tamen
416 1721 448 1774 et
464 1713 612 1796 duplicat
631 1711 819 1794 materiam,
843 1727 876 1776 et
892 1715 1055 1776 virtutum
1069 1715 1295 1798 vitiorumque

296 1842 360 1882 non
382 1830 510 1882 tantum
536 1833 709 1896 naturam,
741 1819 918 1884 sedetiam
947 1823 1080 1884 modum
1102 1831 1230 1885 tractat.
1255 1861 1295 1870 ·—

359 1932 471 1992 Theseo
493 1907 622 2004 actem,
651 1927 942 2011 quae'sumuotur
963 1951 1001 1991 ex
1026 1952 1136 1992 rerum
1163 1943 1297 2012 compa-

294 2039 438 2114 ratione„
468 2045 505 2096 ut
527 2037 806 2107 rusticantum,
837 2059 878 2096 an
901 2039 1022 2098 urbano
1041 2039 1172 2120 potior?
1195 2041 1296 2119 juris-

291 2148 409 2232 periti,
442 2167 485 2205 πη
517 2145 661 2206 militaris
685 2146 754 2205 oiri
779 2146 847 2204 laus
878 2147 1002 2228 major?
1032 2145 1113 2207 mire
1145 2155 1224 2206 sunt
1254 2149 1296 2206 ad

294 2253 563 2316 exercitationem
587 2234 718 2315 dicendi
736 2252 903 2335 speciosae
920 2264 1018 2336 atque
1037 2251 1174 2329 uberes,
1209 2275 1297 2336 quae

287 2362 344 2422 'vel
378 2363 417 2421 ml
444 2361 600 2422 suadendi
626 2344 791 2436 officium,
820 2362 871 2422 vel
900 2363 998 2424 stiam
1027 2360 1066 2422 ad
1094 2355 1296 2445 juffociorurn

293 2469 565 2551 disceptationem
583 2467 699 2551 juvant
716 2469 904 2550 plurimum.
928 2503 966 2520 ·-·

356 2585 394 2657 (c.
419 2582 458 2654 5.)
486 2579 548 2639 ‘Ne
566 2577 600 2637 id
619 2564 752 2660 quidem
771 2577 909 2657 inutile,
932 2577 1029 2640 etiam
1049 2588 1218 2660 corruptas
1236 2576 1297 2635 ali-

294 2685 425 2769 quando
455 2695 488 2746 et
516 2684 653 2746 vitiosas
682 2685 866 2762 orationes,
901 2705 980 2766 quas
1010 2697 1118 2746 tamen
1143 2677 1295 2770 plerique

291 2789 491 2884 judiciorum
519 2793 680 2877 pravitate
709 2791 893 2868 mirentur,
925 2770 990 2882 legi
1024 2791 1131 2874 palam
1159 2793 1292 2874 pueris,

294 2903 489 2984 ostendique
509 2905 541 2962 in
564 2903 636 2980 his,
673 2925 771 2986 quam
794 2902 897 2964 multa
915 2901 1109 2983 impropria,
1132 2881 1271 2962 obscura
1283 2944 1294 2978 ‚

294 3009 438 3086 tumide,
467 3010 620 3089 humilia,
653 3010 803 3086 sordida,
835 3009 976 3086 lasciva,
1000 3007 1292 3081 effeminatasi11t3

294 3140 379 3202 quae
403 3139 469 3180 non
496 3117 674 3185 laudantur
704 3109 803 3181 modo
829 3141 846 3178 a
876 3117 1065 3202 plerisque,
1097 3117 1156 3180 sed
1182 3117 1296 3200 (quod

179 3230 184 3240 ’
293 3226 385 3312 pejus
416 3231 484 3306 est)
518 3237 652 3310 propter
682 3228 746 3288 hoc
783 3228 907 3312 ipsum,
941 3225 1031 3308 quod
1062 3237 1140 3288 sunt
1172 3247 1293 3309 prava,

293 3335 478 3398 laudantur.
520 3337 601 3398 Nam
618 3331 723 3397 sermo
740 3335 870 3414 rectus,
894 3346 926 3396 et
945 3334 1124 3398 secundum
1143 3316 1294 3394 naturam

294 3445 512 3520 sauromatas,
549 3443 632 3505 nihil
657 3442 775 3505 habere
811 3463 851 3508 ex
887 3443 1019 3524 ingenio
1046 3441 1194 3520 videtur:
1234 3440 1294 3499 illu

292 3571 388 3629 vero,
421 3573 503 3634 quaa
527 3562 699 3634 utcunque
724 3550 847 3614 deflexa
870 3553 969 3626 sunt,
993 3558 1151 3632 tanquam
1175 3549 1294 3630 exqui-

293 3657 407 3720 sitiora
426 3657 596 3719 miramur:
630 3681 695 3719 non
716 3657 812 3720 aliter
834 3679 931 3741 quarn
952 3656 1120 3732 distortis,
1154 3668 1186 3718 et
1207 3678 1294 3738 quo-

292 3787 425 3850 cunque
452 3767 547 3826 modo
569 3765 766 3852 prodigiosis
798 3766 992 3848 corporibus
1022 3763 1106 3846 apud
1132 3763 1293 3846 quosdam

293 3872 395 3958 majus
424 3883 473 3935 est
500 3877 665 3956 pretium,
699 3855 796 3958 quam
824 3874 884 3949 iis,
919 3871 1114 3955 quae-nihil
1139 3840 1294 3932 ericum-

293 3981 401 4044 munis
430 3977 558 4042 habitus
581 3981 678 4044 honis
704 3983 928 4064 perdiderunt.
972 3983 1082 4063 Atque
1109 3981 1206 4042 ctiam
1232 3979 1291 4060 qni

295 4093 404 4178 specie
440 4089 637 4175 capiuntur,
678 4089 804 4166 vulsis,
847 4091 1050 4174 levatisque,
1096 4099 1128 4152 et
1162 4089 1290 4148 inustas
