2844 4874
550 414 608 494 75

92 614 260 679 sententiis
285 605 339 679 aut
362 615 569 701 eloquentiae
594 637 660 678 aron
684 616 824 680 nocebit:
867 613 1085 704 Praecipuum

89 735 193 787 tamen
213 723 247 786 in
267 723 328 786 hoc
346 746 427 808 opus
445 735 514 804 est,
548 724 631 787 scire
650 724 741 808 quod
761 745 893 807 quoque
917 723 991 788 loeo
1011 747 1085 788 ver-v

22 809 29 826 ’
88 831 160 892 bum
186 831 324 896 maxime
354 832 502 917 quadret.
544 831 655 917 Atque
682 832 710 895 is
737 831 860 918 optime
880 845 1084 918 componet,

90 939 141 1022 qui
158 939 221 1003 hoc
239 940 344 1001 solum
363 927 581 1024 componendi
604 941 706 1026 gratia
724 941 833 1004 faciet.
882 941 979 1028 ilatio
995 946 1085 1004 svero

88 1047 201 1130 pedum
217 1049 251 1111 in
270 1048 419 1111 oratione
438 1061 489 1112 est
505 1046 628 1128 multo,
654 1071 751 1132 quam
776 1049 810 1110 iu
830 1061 942 1125 versu,
971 1049 1087 1111 diffici-

88 1156 164 1229 lior;
186 1157 346 1239 primum,
371 1158 460 1241 quod
473 1178 587 1220 versus
606 1157 721 1240 paucis
737 1158 948 1236 continetur,
963 1137 967 1146 ¹
980 1157 1084 1222 oratio

22 1303 23 1306 η
89 1262 369 1352 longiores-habet
390 1287 483 1348 saepe
504 1265 687 1340 circuitus;
721 1265 838 1328 deinde
858 1265 948 1350 quod
970 1283 1084 1330 versus
1166 1265 1172 1272 ’

22 1349 24 1362 ¹
89 1393 207 1455 semper
228 1373 346 1434 similis
365 1371 428 1434 sibi
447 1382 516 1452 est,
540 1383 573 1436 et
594 1394 660 1435 una
679 1374 806 1460 ratione
823 1373 988 1453 decurrit,
1012 1395 1086 1434 ora-

88 1478 179 1542 tionis
201 1481 421 1565 compositio,
461 1481 526 1544 nisi
546 1480 637 1543 varia
658 1493 725 1557 est,
760 1490 793 1545 et
812 1481 949 1546 offendit
969 1480 1086 1544 simili-

89 1585 193 1652 tudine
225 1598 260 1652 et
293 1589 512 1664 adfectatione
541 1579 804 1674 deprehenditur.
853 1589 897 1651 Et
930 1589 964 1651 in
994 1588 1086 1651 omui

90 1695 213 1778 quidem
244 1719 402 1781 corpore,
443 1707 584 1780 totoque
617 1703 674 1777 (ut
703 1697 749 1758 ian
779 1697 936 1775 dixerim)
974 1685 1086 1758 tractu

90 1805 222 1869 numeris
256 1805 379 1876 inserta
406 1813 465 1868 est.
507 1806 622 1890 Neque
657 1805 745 1868 enim
770 1797 865 1890 loqui
890 1825 1083 1889 possumus,
1162 1785 1165 1792 ,

89 1909 143 1970 nisi
166 1933 183 1974 e
210 1911 348 1996 syllabis
376 1914 529 1978 brevibus
555 1936 592 1976 ae
613 1912 741 1996 longis,
775 1933 814 1975 ex
841 1911 961 1996 quibus
985 1911 1084 1998 pedes

87 2017 170 2084 leant.
220 2021 329 2102 Magis
357 2029 466 2084 tamen
497 2029 532 2084 et
561 2019 765 2084 desideratur
796 2021 831 2082 iu
864 2021 1022 2084 clausulis
1040 2029 1085 2096 et

51 2125 231 2210 ‘adparete
254 2129 396 2212 primum
408 2125 1085 2210 quieseususomnishabetsuumliuem,
1185 2207 1186 2212 η
1235 2175 1241 2190 .

86 2235 293 2319 possidetque
322 2234 471 2297 naturale
501 2235 732 2313 intervallum,
773 2255 839 2318 quo
869 2256 887 2294 a
915 2235 1084 2318 sequentis

86 2338 379 2418 initio=disidatur3
416 2341 534 2406 deinde
552 2343 642 2427 quod
661 2363 774 2422 aures,
806 2341 999 2406 continuam
1024 2363 1085 2404 vo-

87 2468 150 2510 cem
187 2460 367 2536 sequutae.
388 2451 575 2538 ductaeque
610 2453 703 2516 velut
738 2473 842 2536 prono
877 2451 1083 2516 decurrentis

87 2559 240 2622 orationis
267 2558 421 2642 flumine,
444 2573 523 2623 dum
542 2560 652 2644 magis
682 2559 853 2646 judicant,
893 2583 995 2644 quum
1026 2560 1084 2622 ille
1184 2567 1188 2574 “

85 2661 221 2750 impetus
244 2668 356 2746 stetit,
381 2681 413 2734 et
432 2667 584 2731 intuendi
602 2678 730 2752 ternpus
749 2669 849 2732 dedit.
892 2671 963 2732 Non
984 2667 1084 2752 igitur

22 2843 23 2858 χ
87 2770 196 2838 durum
214 2776 383 2858 sitneque
401 2778 594 2860 abruptum,
618 2798 684 2860 quo
701 2776 801 2838 animi
815 2775 907 2839 velut
919 2765 1084 2862 respirant
1130 2863 1131 2866 Ἴ

88 2901 119 2942 ue
136 2884 342 2946 reficiuntur.
385 2880 471 2948 Haec
490 2895 541 2948 est
559 2883 844 2963 sedesorationie,
875 2869 1107 2946 hoe'auditor'
1192 2962 1197 2967 1

88 2999 271 3072 exspectat,
293 2991 349 3053 hic
367 2992 438 3054 laus
456 2967 744 3054 omnis'declamat.
786 2990 972 3052 Proximam
992 2991 1084 3052 clau-

87 3097 160 3160 sulis
188 3099 391 3182 diligentiam
419 3099 588 3184 postulant
620 3098 736 3174 initia;
779 3121 855 3161 nam
883 3110 916 3161 et
941 3097 976 3158 in
1001 3097 1082 3160 haec
1150 3079 1152 3085 ³

22 3189 23 3194 ἵ
86 3201 228 3267 intentus
258 3209 388 3268 auditor
418 3218 477 3270 est.
527 3208 591 3270 Sed
614 3229 725 3269 eorum
752 3207 883 3269 facilior
909 3207 994 3266 ratio
1022 3215 1084 3268 est.

86 3309 151 3374 Ilua
168 3315 258 3378 enim
275 3315 475 3390 cohaerent,
499 3316 556 3378 sed
575 3317 619 3376 ita
633 3315 904 3402 praecedentibus
922 3313 1082 3392 serviunt,

87 3429 121 3479 ut
142 3445 265 3485 novum
295 3423 462 3486 exordium
491 3436 621 3494 sumant
653 3447 729 3488 cum
756 3422 901 3488 clausula
927 3420 1082 3504 qualibet.
1192 3445 1193 3448 ¹

86 3526 132 3588 Sit
148 3543 258 3593 tumen
275 3521 460 3616 composita*
474 3535 566 3618 ipsa3
600 3532 737 3618 gratiam
751 3532 886 3618 perdet,
907 3531 934 3593 si
952 3529 994 3602 ad
1012 3551 1083 3592 eam

86 3647 176 3720 rupta
195 3638 247 3700 via
262 3639 447 3700 venerimus
463 3641 501 3721 *).
523 3677 565 3688 --
585 3675 627 3688 —-
668 3641 785 3726 Mediis
805 3661 939 3724 quoque
959 3659 1024 3700 non
1045 3659 1083 3700 ea

87 3739 178 3808 inodo
198 3747 355 3828 cerasis,
379 3761 415 3811 ut
431 3749 518 3816 inter
534 3769 571 3812 se
590 3749 803 3829 cohaereant,
838 3747 956 3814 sedne
978 3747 1081 3833 pigra,

93 3879 440 3914 ‚--..-.;.....
897 3893 924 3958 Ι,

117 3977 142 4051 'i
166 3981 208 4038 Cf.
230 3981 266 4034 ad
293 3982 368 4037 hunc
394 3984 487 4040 locum
515 3983 579 4038 lect.
610 3999 664 4055 sar.
694 3984 723 4036 iu
752 3981 795 4038 ed.
823 3983 916 4056 Spsld.
941 3981 1003 4040 vol.
1029 3985 1080 4038 Ill.

168 4096 194 4152 e·
214 4085 265 4148 ⁵7⁰
283 4095 358 4154 was·
578 4077 580 4083 '
1131 4082 1133 4086 ’
