2814 4872
802 367 885 442 tte

518 551 721 644 pertrutinat.
752 571 848 642 <nn
872 585 910 624 or.
932 567 961 646 ιἱ
975 571 1035 628 xn.
1059 583 1084 625 c.
1109 552 1195 638 10.)'

404 671 518 748 Altera
536 682 585 761 est
605 673 738 752 divisio,
763 695 847 756 quaa
866 673 899 732 iu
918 683 984 735 tres
1004 683 1112 755 partes
1133 681 1166 733 et
1187 671 1261 754 ipsa
1285 668 1349 731 dis·
1392 701 1393 710 κ

345 779 449 859 cedit,
474 802 540 864 qna
560 782 702 844 discerni
724 802 818 864 posse
840 771 944 842 etiem¹
958 789 1049 842 recte
1071 779 1211 841 dicendi
1233 800 1349 862 genem

344 887 432 979 inter
460 911 494 952 se
522 911 618 973 posse
645 889 802 952 videntur
821 889 859 968 Ἴ.
910 889 1057 971 Namque
1084 909 1190 948 unum
1219 887 1350 957 subtile,

340 1024 689 1042 —n———u—-u

408 1094 556 1159 ¹dicendi,
585 1096 686 1166 quibus
705 1096 733 1148 in
753 1095 865 1164 singulis
882 1092 994 1166 quidam
1014 1092 1180 1161 floruerunt3
1211 1110 1350 1164 peraeque

429 1200 523 1243 autem
540 1187 588 1260 (id
607 1191 684 1261 quod
701 1188 847 1260 volumus)
865 1189 992 1260 perpauci
1012 1189 1041 1240 in
1060 1187 1198 1244 omnibus.
1236 1188 1306 1240 Nam
1325 1195 1350 1238 ct

426 1283 628 1356 grandiloqui,
656 1295 687 1337 ut
704 1286 744 1338 ita
762 1286 852 1338 dicam
869 1285 982 1338 fuerunt
1001 1302 1064 1336 curn
1082 1284 1173 1356 ampla
1191 1293 1223 1337 et
1240 1293 1351 1360 senten-

422 1382 525 1432 tiarum
549 1373 697 1447 gravitate,
733 1390 761 1434 et
783 1383 926 1448 majestate
951 1379 1113 1444 verborum,
1147 1379 1348 1441 vehementes,
1392 1367 1393 1394 ³

426 1473 511 1538 varii,
539 1473 660 1543 copiosi,
689 1460 797 1541 graves3
824 1503 856 1514 -
882 1503 914 1513 -
942 1483 970 1526 et
992 1483 1086 1526 contra
1107 1481 1228 1539 tenues,
1257 1474 1348 1536 acuti,

427 1569 519 1622 omnia
543 1569 689 1634 docentes,
717 1578 745 1622 et
763 1569 943 1633 dilucidiora,
970 1587 1026 1620 non
1044 1569 1175 1640 ampliora
1192 1569 1346 1630 iacientes,

427 1663 525 1740 subtili
539 1663 659 1735 quadam
671 1671 703 1718 et
718 1681 806 1734 pressa
822 1665 945 1716 oratione
958 1663 1055 1716 limati.
1073 1691 1102 1702 -
1121 1691 1151 1702 -
1189 1665 1242 1716 Est
1257 1671 1348 1714 autern
1392 1683 1393 1690 ¹

426 1759 538 1831 quidam
560 1759 721 1828 interjectus
740 1759 812 1812 inter
833 1759 882 1812 hos
899 1759 1025 1831 medios,
1052 1767 1081 1812 ct
1102 1760 1180 1830 quasi
1209 1767 1346 1831 tempere-

430 1863 476 1907 tus
498 1855 553 1911 etc.

373 1947 399 2019 ’,ἲ
423 1947 513 2003 Verba
532 1947 647 2000 «altera
665 1958 705 2000 est
721 1931 899 1999 divisione
916 1946 986 1998 haec
1005 1945 1147 2000 referenda
1163 1955 1251 2012 sunt,
1279 1961 1346 2017 quae
1392 1979 1393 2016 3

427 2042 529 2096 Fabius
560 2041 595 2094 de
625 2058 723 2109 genere
750 2039 862 2092 dicendi
893 2041 1003 2101 Attico,
1036 2021 1142 2092 Asiano
1176 2051 1206 2093 ct
1239 2037 1346 2092 Rhodio
1392 2025 1393 2046 ³

426 2138 524 2191 eodem
548 2136 619 2189 libro
648 2145 677 2190 et
704 2137 795 2209 capite
819 2133 893 2208 priua
918 2135 1064 2202 disseruit,
1098 2151 1217 2208 quorum
1242 2149 1345 2186 summa

426 2231 469 2288 his
485 2233 656 2288 continetur:
674 2222 678 2264 J
910 2234 914 2245 ⁴

479 2329 515 2382 Et
541 2328 658 2398 antiqud
684 2326 796 2397 quidem
823 2325 872 2376 illa
893 2323 989 2378 divisio
1014 2325 1088 2380 inter
1113 2326 1238 2378 Arianos
1262 2333 1344 2394 atque

425 2423 534 2476 Atticos
562 2421 632 2485 fuit,
660 2438 747 2491 quum
775 2418 908 2490 hipressi
932 2428 960 2472 et
983 2419 1098 2487 integri,
1132 2430 1229 2472 contra
1259 2415 1345 2471 inflati

425 2516 469 2566 illi
493 2523 521 2566 et
543 2515 637 2568 inanes
659 2513 841 2580 haberentur,
872 2521 901 2564 et
930 2513 959 2563 in
982 2512 1024 2565 his
1049 2513 1117 2565 nihil
1143 2515 1343 2585 superflueret,

425 2608 481 2659 illis
502 2608 636 2674 judicium
652 2609 769 2688 maxime
789 2626 821 2660 ac
839 2607 935 2658 modus
957 2606 1078 2666 deesset.¹
1110 2609 1193 2680 Quod
1210 2610 1342 2682 qnidam,
1391 2639 1392 2676 3

427 2719 543 2774 quorum
566 2711 594 2754 et
607 2703 710 2752 Santra
732 2701 939 2770 (grammaticus
953 2699 1072 2770 nobilis)
1089 2712 1146 2766 est,
1172 2703 1226 2756 hoc
1245 2707 1343 2775 putant
1391 2697 1392 2758 l

400 2795 404 2800 ’
427 2797 575 2859 accidisse,
603 2795 679 2867 quod
702 2796 845 2866 paullatim
871 2813 994 2848 sermone
1019 2799 1124 2850 Graeco
1152 2797 1180 2848 in
1207 2799 1341 2869 proximas

279 2891 283 2898 “
379 2895 393 2970 ,“
425 2892 505 2946 Asiae
533 2890 660 2957 civitates
690 2889 843 2953 influente,
875 2891 998 2942 nondum
1020 2892 1083 2944 satis
1106 2892 1186 2964 periti
1206 2888 1341 2964 loquendi

425 2963 583 3038 facundiam
598 2985 803 3054 concupierint3
824 2983 944 3055 ideoque
962 3003 1010 3049 ea,
1031 3003 1103 3057 quae
1120 2987 1226 3058 proprie
1244 2982 1340 3054 signari
1390 3057 1391 3060 Ἴ

425 3089 568 3154 poterant,
596 3079 713 3132 circuitu
737 3080 860 3150 ceperint
883 3082 1045 3144 enunciare,
1071 3076 1103 3133 n'c
1126 3069 1227 3134 deinde
1258 3083 1339 3134 ineo
1390 3121 1391 3154 3

425 3174 629 3247 perseverarint.
664 3173 735 3224 Mihi
750 3182 841 3226 autem
857 3175 985 3227 orationis
1005 3176 1184 3228 differentiam
1199 3176 1298 3230 fecisse
1314 3181 1340 3226 ct
1390 3155 1391 3170 ἵ

425 3269 578 3323 dicentium
605 3276 632 3320 et
653 3267 826 3320 audientium
848 3278 962 3320 naturae
985 3271 1127 3334 videntur,
1157 3273 1233 3343 quod
1257 3267 1338 3326 Attici

424 3365 513 3418 limati
541 3359 665 3434 quidem'
682 3372 710 3414 ct
736 3362 856 3414 emuncti
885 3363 954 3414 nihil
976 3365 1075 3430 inane,
1110 3377 1159 3419 aut
1181 3368 1338 3420 redundans

344 3507 346 3511 .
424 3457 565 3532 serebant;
594 3457 691 3508 Asiana
712 3473 775 3523 gens
797 3457 927 3509 tumidior
948 3459 1052 3530 alioqui
1071 3469 1154 3532 atque
1172 3463 1335 3528 jactantior,

412 3555 533 3606 ramore
543 3552 624 3604 etiam
635 3551 744 3604 dicendi
760 3551 843 3618 gloria
854 3551 947 3604 intlata
964 3562 1011 3606 est.
1049 3551 1173 3606 Terti'nnr
1188 3575 1270 3620 mox,
1289 3553 1335 3626 qui

423 3645 495 3702 haec
517 3645 694 3711 dividebant,
721 3647 883 3713 adjecerunt
896 3665 981 3718 genus
998 3647 1152 3716 thodiurn,·
1171 3653 1247 3723 quod
1261 3651 1337 3704 velut

423 3743 545 3793 medium
568 3761 625 3796 esse
647 3752 732 3812 atque
754 3759 787 3794 en
811 3750 929 3813 utroque
956 3744 1070 3794 mixtum
1090 3745 1196 3798 volunt.
1239 3747 1336 3816 Neque

424 3836 497 3888 enim
510 3837 600 3890 Attice
613 3839 712 3909 pressi,
732 3855 824 3908 neque
838 3837 936 3890 Asiane
950 3845 1014 3889 sunt
1026 3837 1215 3905 abundantes,
1244 3851 1274 3894 ut
1286 3840 1337 3890 ali·

340 3955 342 3962 v
423 3929 491 4002 quid
504 3929 766 3984 habere'videnntur
779 3931 884 3998 gentis,
904 3930 1010 4002 aliquid
1025 3936 1151 3986 auctoris.
1189 3937 1334 3989 Aeschines
1389 3947 1390 3972 ¹

394 4075 399 4087 ,
426 4025 515 4090 enim,
542 4025 590 4096 qui
606 4025 682 4080 hunc
698 4025 1059 4093 cxiliodelegeratlncum,
1085 4028 1182 4082 intulit
1198 4029 1333 4083 costudin
