2844 4874
806 395 863 468 ut

336 611 452 660 novata
475 595 586 679 stirme
609 587 803 674 dicendi†t
835 631 873 643 -
923 595 1016 656 Inter
1035 591 1237 676 plurimos,
1274 589 1367 675 quod

422 849 508 896 rntn,·
526 830 693 901 voraginem
705 829 804 902 potius.
840 827 961 880 Facilius
977 825 1050 879 enim
1065 824 1168 890 adea,
1198 841 1283 898 qtae
1296 824 1364 888 visa,

424 945 506 1000 quam
527 926 564 978 ad
581 925 649 990 illa,
683 909 865 997 quaeaudita
885 932 966 986 suut,
991 921 1090 975 mentis
1111 921 1198 974 oculi
1221 921 1364 974 seruntur.

422 1023 476 1087 Et,
497 1023 627 1094 quoniam
642 1021 712 1074 haee
723 1021 769 1074 vel
788 1038 891 1074 summa
907 1021 967 1071 lans
981 1019 1064 1072 estin
1076 1017 1170 1070 verbis
1187 1017 1365 1070 transteren-

423 1118 481 1181 dis,
508 1127 541 1170 ut
555 1135 665 1170 sensum
679 1117 759 1168 feriat
773 1117 819 1180 id,
845 1116 922 1188 quod
943 1115 1109 1167 translatum
1128 1114 1188 1179 sit3
1227 1112 1365 1180 fugienda

423 1222 468 1288 eat
480 1213 566 1264 omnis
578 1212 721 1284 turpitudo
736 1229 828 1264 earum
841 1229 946 1276 rerum,
973 1211 1009 1261 ad
1026 1227 1094 1280 quaa
1105 1225 1216 1274 ‘eorum
1235 1209 1363 1270 animos,

423 1309 474 1378 qui
488 1306 622 1370 audiunt,
650 1307 743 1360 trahet
759 1307 917 1360 similitudo.
953 1306 1025 1358 Nolo
1041 1315 1129 1358 morte
1149 1306 1217 1358 dici
1239 1305 1363 1380 Africani

425 1415 577 1494 cosmatum
602 1421 658 1456 esse
678 1403 885 1472 rempublicam.
935 1402 1006 1454 Nolo
1028 1416 1135 1454 stercus
1164 1402 1280 1454 euriae
1310 1400 1364 1452 dici

426 1499 593 1564 Glauctamg
612 1499 734 1570 quamvis
747 1498 783 1551 sit
791 1497 899 1561 simile,
918 1505 1011 1550 tamen
1025 1497 1108 1550 estin
1123 1505 1259 1569 utroque
1273 1495 1361 1549 delor-

423 1592 619 1660 miseogitatia
635 1593 828 1646 similitudinis.
864 1593 937 1644 Nolo
950 1611 1007 1646 esse
1022 1601 1070 1644 aut
1082 1595 1193 1660 majus,
1218 1609 1308 1664 ‘tuam
1323 1607 1361 1642 res

422 1688 563 1758 postulet,
585 1689 739 1758 Tempestas
752 1689 976 1754 oomr'ssatianis;
995 1688 1159 1752 autminus,
1187 1688 1358 1740 Comissatio

424 1783 600 1852 tempestatis.
635 1782 781 1834 Nolo'esse
797 1779 911 1834 verbum
932 1782 1071 1848 angustius
1086 1782 1133 1843 id,
1165 1783 1253 1855 quod
1274 1793 1359 1835 tram-

420 1869 513 1928 latum
527 1877 578 1940 sit,
598 1896 680 1948 quam
697 1877 793 1930 suisset
808 1876 881 1928 illud
895 1877 1032 1947 propriu·
1049 1893 1082 1930 ac
1096 1895 1198 1930 mum:

455 1985 488 2011 ’-
508 1999 541 2012 -
561 1971 701 2039 Quidnam
716 1986 770 2034 est,
790 1973 927 2026 obsecro?
944 1969 1016 2042 quid
1029 1987 1056 2025 te
1072 1971 1152 2026 adiri
1168 1974 1327 2026 abnatat?

424 2065 526 2120 Melius
548 2077 639 2134 esset,
665 2083 765 2130 vetas,
790 2069 938 2140 prohibes.
960 2068 1126 2137 ›abates-req
1151 2071 1294 2142 quoniam
1309 2068 1355 2121 ille

427 2163 549 2218 dixerat:
1211 2157 1214 2167 '

691 2288 723 2298 —
741 2259 824 2310 Illico
843 2258 939 2311 istim!

538 2353 581 2406 Ne
599 2355 732 2422 contagio
749 2371 810 2404 mea
826 2353 908 2405 bonis
923 2353 1053 2406 umbrave
1068 2353 1148 2407 obsit.

654 2446 716 2517 (Cf.
729 2448 810 2500 Tusa.
827 2463 874 2518 qn.
887 2447 907 2498 l.
922 2450 975 2500 111.
993 2466 1015 2501 o
1034 2467 1074 2502 ra.
1094 2449 1143 2500 ubi
1156 2449 1248 2504 iidem
1264 2463 1352 2504 versus

783 2557 818 2594 ex
833 2541 917 2593 Atreo
930 2542 1008 2595 Accii
1023 2544 1231 2616 adducuntur)

425 2633 519 2704 Atque
539 2633 637 2698 etiam,
663 2635 686 2686 si
705 2651 832 2698 vereare,
858 2652 895 2686 ne
909 2636 1005 2706 paullo
1023 2637 1116 2690 duum
1128 2641 1279 2695 translatio
1295 2653 1350 2692 esse

425 2724 571 2792 videatur,
599 2727 751 2780 mollienda
772 2738 829 2794 est,
855 2733 1010 2802 praeposito
1024 2752 1105 2804 saepe
1118 2734 1221 2804 terb03
1253 2744 1302 2799 ut,
1328 2731 1348 2784 si

425 2822 492 2876 olim
509 2824 547 2878 Μ.
565 2819 672 2876 Catone
688 2833 815 2886 mortuo,
840 2826 977 2896 pupillum
997 2838 1123 2881 senatum
1139 2829 1203 2900 quis
1221 2832 1346 2885 relictum

427 2919 549 2982 diceret,
568 2918 664 2990 paullo
679 2919 788 2986 duriua;
808 2919 868 2984 sin,
887 2933 919 2972 ut
933 2923 975 2973 ita
991 2921 1101 2986 dicam,
1119 2928 1280 2996 pupillum,
1300 2924 1346 2976 ali-

427 3024 533 3086 quanto
547 3013 638 3066 mitius
655 3021 704 3066 est.
729 3015 838 3066 Etenim
852 3017 1008 3070 verecunde
1022 3019 1107 3072 dehet
1120 3037 1179 3074 esse
1191 3021 1342 3080 translatio,

426 3118 460 3162 ut
472 3109 595 3162 deducte
607 3109 637 3160 in
651 3107 772 3162 alienum
784 3109 894 3174 locum,
919 3129 977 3164 uon
989 3113 1115 3180 irruisse,
1135 3125 1221 3188 atque
1240 3128 1273 3170 ut
1287 3131 1344 3187 pre·

426 3205 515 3268 cario,
540 3221 597 3256 non
613 3203 657 3268 vi,
685 3205 791 3258 venisse
805 3204 937 3260 videatur.
972 3208 1073 3262 Modus
1088 3221 1179 3264 autem
1193 3211 1343 3266 uirllus‘est
1408 3265 1409 3270 ,

427 3299 568 3353 florentior
582 3299 737 3365 intingulis
750 3299 857 3364 uerbis,
887 3319 940 3354 nee
962 3303 1009 3376 qui
1025 3305 1088 3376 plus
1108 3307 1221 3360 luminis
1242 3307 1343 3361 adferat
1407 3279 1409 3322 ἶ

428 3395 552 3450 orationi
574 3419 606 3434 -
643 3395 739 3447 Sumta
755 3412 783 3446 ra
799 3395 896 3460 simili,
925 3399 1079 3470 verbaejus
1093 3403 1132 3454 tei
1146 3405 1255 3476 propria
1268 3404 1343 3456 dein-

427 3507 493 3562 ceps
508 3491 540 3542 in
552 3507 607 3542 rem
620 3489 701 3542 aliam
715 3491 758 3561 (ut
772 3490 841 3557 disi)
855 3493 1059 3551 transferuutur.
1088 3499 1136 3552 Est
1149 3499 1203 3552 hoc
1217 3513 1342 3569 magnum

429 3595 618 3638 ornamentum
636 3586 782 3667 orationis,
816 3585 846 3636 in
872 3601 929 3658 quo
958 3590 1108 3645 obscuritas
1137 3595 1267 3663 fugienda
1296 3600 1341 3646 est.

426 3677 537 3732 Etenim
550 3697 585 3732 ex
601 3679 656 3734 lroo
669 3697 767 3750 genere
787 3679 858 3732 fiunt
875 3699 924 3746 ea,
945 3701 1015 3756 quae
1033 3685 1163 3741 dicuntur
1176 3694 1340 3759 aenigmata.

428 3772 491 3824 Non
513 3782 555 3826 est
577 3784 669 3828 autem
690 3776 719 3826 iu
740 3773 823 3828 verbo
842 3777 939 3830 modus
957 3779 1020 3843 hie,
1046 3783 1140 3836 sedin
1157 3787 1296 3850 oratione,
1314 3777 1341 3832 id

431 3875 489 3930 eat,
509 3867 539 3918 in
553 3869 764 3922 continuatione
778 3867 930 3924 uerborum.
948 3902 981 3914 -·

481 3962 542 4034 (llis
554 3966 702 4038 comparari
712 3974 834 4038 possunt,
854 3985 926 4038 quae
937 3969 1115 4025 inveniuntur
1125 3974 1154 4025 in
1167 3989 1239 4028 orat.
1254 3991 1277 4028 c.
1290 3967 1341 4040 ²7.)

431 4059 593 4115 Aristoteles
612 4060 647 4116 de
665 4071 803 4133 troporum
818 4063 929 4116 materie
949 4063 1035 4118 heud'
1045 4068 1108 4121 satis
1123 4081 1251 4125 scemate
1265 4083 1339 4142 prat·
