2942 4864
778 373 862 448 312
886 443 889 452 ,

323 595 379 652 ee,
409 593 492 656 quae
515 572 578 633 siu
602 571 731 634 suutiu
754 568 868 631 officiis
891 579 988 651 etque
1005 567 1202 629 virtutihus:
1231 565 1317 640 eliu,

321 679 409 764 quod
432 679 555 763 aliquid
582 677 743 742 commodi
768 677 933 753 efficiunt,
967 687 1004 738 ut
1030 698 1111 757 opes
1138 684 1171 736 et
1191 673 1317 756 copiae.

323 788 446 850 Eorum
473 796 602 861 eutem,
634 807 718 869 quoe
742 796 876 868 propter
895 806 930 848 se
952 793 1170 862 expetuntur,
1198 782 1318 865 partim

324 893 494 957 honestate
517 895 603 976 ipse,
626 895 745 977 partim
769 891 998 954 commoditate
1029 891 1143 978 alique
1163 901 1318 971 expetun-

322 1013 387 1063 tur.
436 1003 613 1066 Honestate
637 1023 692 1078 ea,
732 1024 815 1082 quae
845 999 1100 1082 proficiscuntur
1120 999 1159 1060 ub
1187 998 1227 1058 iis
1252 997 1320 1057 vir-

323 1109 466 1180 tutibus,
489 1109 665 1190 dequibus
681 1108 789 1190 paullo
809 1120 885 1170 ente
904 1119 954 1170 est
974 1106 1117 1168 dietum:
1139 1127 1222 1188 quae
1240 1116 1319 1166 suut

277 1196 283 1212 ⁸
321 1215 496 1279 laudabilia
522 1216 590 1298 ipso
618 1238 676 1298 per
702 1238 746 1276 se.
789 1213 1026 1280 commoditate
1050 1225 1159 1275 autem
1188 1213 1320 1295 ulique,

321 1333 502 1406 quaesunt
523 1323 556 1382 iu
577 1323 741 1403 eorporis,
766 1332 823 1382 aut
840 1323 992 1386 sortuuue
1009 1321 1106 1384 bouis
1127 1320 1318 1404 expetenda.

321 1430 467 1506 Quorum
499 1427 562 1494 ulio
585 1437 663 1490 sunt
681 1430 773 1510 quasi
792 1428 1030 1511 quodammodo
1053 1449 1127 1492 oum
1146 1427 1319 1492 honestate

322 1531 516 1616 conjunctu,
540 1543 577 1596 ut
594 1533 719 1613 honos,
743 1544 780 1596 ut
796 1535 913 1616 glorie:
937 1536 999 1603 ulia
1013 1534 1154 1608 diter-sa,
1173 1545 1210 1596 ut
1220 1533 1320 1608 vires,

320 1641 443 1718 forma,
468 1642 641 1718 valetudo,
665 1643 842 1718 nobilitas,
866 1642 1021 1718 divitiae,
1046 1639 1218 1702 clientelae
1258 1643 1321 1704 Fau

326 1747 422 1810 etiem
438 1747 530 1831 quusi
546 1749 869 1831 quaedem*materies
885 1748 1029 1832 subjeota
1045 1747 1320 1830 honesteti,.quae

323 1853 461 1921 maxime
479 1865 647 1937 spectatur
664 1857 696 1916 iu
718 1857 880 1918 amicitiis.
922 1855 1094 1916 Amicitiae
1112 1863 1222 1944 eutem
1240 1854 1320 1934 ceri·

323 1973 391 2024 tete
418 1971 450 2024 et
479 1985 587 2026 amore
615 1973 807 2026 cernuntur.
849 1964 930 2026 Num
961 1967 1035 2024 oiim
1063 1963 1217 2038 deorum,
1249 1975 1322 2025 tum

322 2081 515 2154 pareutum,
549 2074 736 2154 patriaeque
763 2071 893 2150 cultus,
927 2091 1104 2153 eorumque
1127 2070 1320 2148 homiuum,

323 2177 379 2261 qui
396 2187 453 2238 out
470 2179 650 2261 sapientie,
675 2188 731 2240 a‘ut
745 2179 860 2261 opibus
880 2178 1065 2253 excellunt,
1090 2178 1131 2238 ad
1150 2179 1319 2270 casitatem

323 2284 438 2348 referri
466 2285 558 2348 solet.
602 2285 762 2368 Coniuges
788 2296 896 2348 eutem
911 2295 958 2348 ‘et
978 2285 1091 2360 liberi,
1126 2297 1159 2348 et
1179 2285 1318 2360 fratres,

323 2391 447 2466 etalii,
470 2412 551 2472 quos
569 2413 670 2467 usus,
693 2392 815 2452 lumilia
832 2393 979 2474 ritusque
995 2389 1186 2472 eonion-uit,¹
1208 2413 1320 2475 qtram·

323 2519 419 2579 quam
442 2497 541 2558 etium
557 2499 693 2558 caritate
715 2502 802 2580 ipsu,
826 2507 933 2560 tumen
954 2519 1063 2560 amore
1083 2499 1221 2562 maxime
1241 2522 1320 2561 eon·

322 2579 482 2666 tineutui.
525 2606 561 2665 lu
586 2605 636 2664 his
660 2603 758 2685 igitur
779 2607 874 2667 rebus
895 2626 970 2666 eum
993 2607 1079 2666 bona
1102 2606 1189 2686 siut,
1222 2608 1318 2669 focile

325 2722 374 2774 est
397 2710 590 2787 intellectu,
613 2733 696 2792 quae
716 2713 784 2772 siut
803 2713 977 2772 contrariu.
1021 2712 1117 2791 Quod
1143 2715 1170 2774 si
1192 2737 1319 2797 semper

325 2817 445 2901 optima
466 2827 577 2880 tenere
599 2839 787 2902 possemus,
819 2817 907 2879 haud
933 2841 1010 2881 sane
1024 2865 1032 2897 ‚
1048 2797 1051 2802 ¹
1066 2823 1227 2904 quonium¹
1246 2822 1319 2904 qui-

327 2924 400 2987 dem
424 2947 459 2986 eu
485 2926 657 3010 perspicus
680 2936 780 3005 suut,
812 2925 951 2988 consilio
982 2927 1119 2990 multum
1141 2949 1317 3012 egeremus.

325 3034 388 3096 Sed
414 3034 488 3116 quie
517 3035 736 3120 temporibus,
766 3057 849 3117 quae
877 3036 945 3096 vim
974 3037 1097 3110 hubent
1126 3038 1316 3113 maximum,

325 3163 479 3225 persaepe
506 3142 636 3220 evenit,
668 3152 706 3202 ut
736 3140 861 3204 utilitas
891 3165 967 3203 cum
997 3143 1167 3216 honestate
1194 3147 1332 3222 certet,'

326 3271 501 3332 currumque
528 3271 637 3345 rerum
664 3250 832 3312 eontentio
857 3250 1046 3335 plerumque
1068 3252 1317 3314 deliberationes

326 3357 445 3420 efficit:
479 3380 520 3420 ue
555 3369 611 3420 out
642 3368 825 3440 opportuno
857 3371 991 3441 propter
1016 3359 1229 3442 dignitatem,
1262 3371 1318 3422 eut

325 3462 464 3526 honeste
495 3476 628 3549 propter
657 3463 835 3530 utilitatem
863 3465 1113 3548 relinquentur,
1157 3466 1196 3527 ud
1233 3467 1319 3528 hune

327 3567 553 3633 difficultatem
579 3572 802 3656 explicandam
827 3585 999 3658 praecepto
1022 3578 1207 3637 rel'erumus.
1229 3567 1232 3579 ’
1257 3577 1319 3652 Et,

327 3677 481 3758 quonium
502 3679 626 3768 non-ud
646 3678 815 3742 veritatem
838 3681 964 3759 solum,
994 3683 1166 3744 sedetiam
1189 3681 1229 3740 ud
1250 3683 1319 3763 opi-

329 3781 443 3844 niones
459 3807 583 3863 eorum,
606 3789 660 3871 qui
676 3788 825 3868 audiunt,
849 3789 1119 3852 accommodanda
1137 3783 1185 3850 e‘st
1199 3774 1317 3852 oratio:

327 3889 390 3950 hoc
408 3888 548 3972 primum
566 3895 803 3984 intelligamus,
826 3895 995 3958 homiuum
1014 3895 1079 3958 duo
1095 3919 1166 3960 esse
1183 3919 1332 3980 generas

327 3995 467 4060 alterum
484 3997 653 4062 indoctum
663 4047 673 4080 ,
699 4013 730 4066 et
746 4014 872 4084 agreste
879 4028 888 4076 ς
917 4001 1005 4085 quod
1022 4005 1182 4068 anteferat
1193 4026 1319 4090 semper
