2844 4874
531 359 609 486 'er
777 471 782 505 ‚

20 675 24 685 ,
76 610 284 687 notandum,
317 607 406 674 coire
428 609 622 694 frequenter
642 607 677 672 In
697 608 825 674 eaodem
843 610 1025 676 sententias
1050 621 1085 676 et

83 745 452 766 m

157 853 221 908 est,
249 858 337 916 quum
352 841 415 894 dico
433 839 531 896 iecisse
545 839 613 913 quid
634 837 773 894 hominem
793 841 963 910 acteonem
998 851 1085 896 trans-

158 938 251 1002 latio,
286 955 373 1010 quum
393 937 457 990 dico
476 937 511 990 de
534 918 661 1001 homine,
690 937 733 990 Ieo
753 948 800 991 est.
828 963 859 976 -
903 939 940 989 Ut
961 938 1086 992 modicus

158 1042 259 1086 nutem
273 1041 358 1106 atque
374 1041 544 1105 opportunus
559 1033 619 1101 ejus
636 1050 701 1084 usas
719 1032 839 1086 illustrat
855 1033 1021 1086 orationem:
1047 1034 1119 1104 ³²⁸:

159 1129 297 1202 frequens
313 1137 341 1182 et
356 1127 501 1193 obscurat,
528 1138 558 1182 et
574 1128 668 1182 taedio
688 1125 824 1199 coinplet;
854 1129 1007 1184 continuus,
1022 1143 1086 1182 vero

157 1224 189 1276 in
217 1223 379 1295 allegoriam
408 1233 437 1276 et
458 1223 610 1292 aenigmata
640 1221 705 1276 exit.
751 1223 824 1276 Sunt
846 1223 983 1295 quaedam
1004 1223 1087 1276 etiarn

158 1317 286 1372 humrles
302 1318 514 1384 translationes
542 1328 575 1374 ut
587 1317 631 1384 rd
661 1319 696 1372 de
712 1336 778 1391 quo
783 1318 865 1372 modo
879 1319 938 1373 drxa
956 1316 992 1390 (l.
1008 1316 1089 1380 VIII
1136 1383 1138 1393 Α

159 1430 184 1466 c.
203 1415 228 1468 3.
249 1411 363 1484 §..248)
382 1415 473 1468 Saurea
490 1427 530 1468 est
546 1431 689 1504 verpuca5
709 1423 737 1468 et
753 1411 887 1467 sordidae.
923 1411 986 1466 Non
1004 1413 1088 1474 eninr,

75 1571 78 1578 .
158 1507 181 1560 ri
198 1509 544 1562 Cicerorectescntinam
562 1508 736 1578 reipublicae
751 1509 838 1574 drxrt
864 1507 1025 1563 foeditatem
1039 1508 1091 1560 ho·

158 1604 273 1656 minum
291 1595 463 1671 significans,
492 1603 596 1656 idcirco
620 1603 733 1676 probem
757 1604 830 1657 illud
853 1621 967 1678 quoque
990 1603 1090 1660 voterit

160 1699 298 1753 oratoris:
334 1701 501 1770 persecuisti
532 1699 705 1769 reipublicae
733 1701 869 1754 vomicas.
922 1699 1091 1774 optimeque

160 1793 266 1850 Cicero
281 1793 448 1846 demonstrat
461 1793 515 1865 (De
529 1802 596 1848 orat.
609 1793 628 1846 l
639 1791 909 1866 III.c.4r§pr.163)
926 1779 1091 1860 cavendum,

160 1901 199 1942 tre
216 1889 257 1942 sit
272 1853 400 1941 deforinis
414 1889 576 1978 translatio,
597 1890 687 1962 qualis
703 1898 761 1956 est,
780 1889 884 1962 (aam'
876 1891 941 1962 rpsis
956 1893 1014 1961 ejus
1032 1896 1101 1944 utar.

163 2002 248 2038 exem
252 1981 340 2055 plu)
377 1985 536 2040 Castratam
553 1997 641 2038 morte
657 1985 789 2060 Asticani
808 1985 1093 2056 rempublicamet:

165 2081 283 2134 Stercus
307 2081 404 2133 curiae
430 2081 586 2134 Glauctam.
623 2081 665 2134 Ne
688 2080 773 2134 niurio
795 2083 897 2148 major,
924 2090 989 2152 aut,
1017 2079 1095 2153 quod

165 2175 280 2248 saepius
302 2175 422 2239 accidit,
449 2177 553 2242 minor3
578 2193 614 2228 ne
635 2175 781 2228 dissimilis.
817 2175 942 2246 Quorum
970 2176 1095 2248 exempla
1175 2182 1182 2198 ⁸

65 2327 67 2334 Α
166 2272 287 2324 nimium
309 2270 471 2344 frequenter
493 2268 702 2342 deprehendet,
729 2271 778 2343 qui
799 2271 909 2336 scierit,
939 2270 1008 2325 haec
1029 2271 1097 2326 vitia

168 2383 238 2419 esse.
285 2365 341 2420 Sed
365 2374 393 2419 et
415 2365 494 2439 copia
515 2382 629 2437 quoque
655 2364 768 2418 madum
790 2383 893 2434 egressa
917 2366 1014 2419 vitiosa
1035 2374 1095 2430 est,

168 2459 322 2533 praecipue
337 2443 366 2512 in
381 2460 477 2513 endern
491 2445 591 2532 specie.
629 2459 702 2512 Sunt
715 2468 745 2514 et
758 2460 863 2524 durae,
883 2457 913 2512 id
928 2471 986 2525 est,
1007 2460 1098 2514 anu·

171 2555 278 2630 linqua
296 2555 478 2609 similitudine
494 2555 615 2622 ductae;
643 2563 691 2608 ut.

293 2652 401 2722 Capitis
419 2653 504 2704 nivea.
541 2649 621 2721 (Hor.
639 2649 693 2704 Od.
708 2649 726 2701 I.
744 2650 790 2705 IV.
811 2649 848 2703 13.
868 2667 893 2704 v.
914 2647 971 2718 ra.)
1006 2646 1055 2703 Et:

218 2747 330 2818 Jupiter
347 2745 479 2800 hibernas
499 2763 573 2800 cana
593 2747 657 2802 nr'ae
677 2746 806 2816 conspuit
822 2747 913 2816 Alpes.
1060 2783 1062 2792 s

177 2905 181 2910 .
306 2839 400 2914 (Furii
415 2841 541 2915 BiIraculi
555 2860 598 2916 ap.
613 2843 676 2896 Hor.
693 2858 761 2897 vers.
778 2839 813 2894 cf.
828 2841 885 2919 pat.
902 2843 937 2898 11.
954 2838 977 2894 5.
997 2856 1022 2894 v.
1038 2836 1098 2906 ir.)

175 2940 210 2992 In
238 2937 289 2989 illo
313 2955 377 2990 vero
402 2937 554 3010 plurimum
579 2938 692 3002 erroris,
726 2935 803 3010 quod
821 2951 872 2998 aa,
901 2952 974 3007 quae
989 2933 1097 3006 poetis,

173 3033 243 3106 (qui
262 3043 291 3086 et
305 3033 395 3086 omnia
414 3032 449 3084 ad
467 3032 637 3103 voluptatem
657 3029 780 3085 referunt
807 3039 836 3086 et
854 3029 972 3104 plurima
990 3036 1097 3086 vertere

175 3129 260 3184 'etiam
281 3129 343 3200 ipsa
369 3129 450 3182 metri
475 3129 640 3182 necessitate
666 3125 836 3200 coguntur),
863 3124 1097 3200 permissuum,
1138 3174 1141 3184 ,

178 3225 326 3279 convenire
351 3223 465 3296 quidam
492 3223 574 3276 etiam
599 3239 694 3296 prosae
719 3229 828 3294 putant.
859 3249 891 3265 ·-
934 3217 1099 3289 Metaphora

178 3330 229 3374 aut
245 3329 389 3373 vacantem
407 3335 544 3390 occupare
561 3318 657 3372 locum
674 3316 778 3382 debet,
799 3323 864 3380 tut,
888 3315 957 3368 siin
976 3313 1098 3375 alienant

178 3415 273 3481 venit,
299 3416 362 3487 plus
386 3414 478 3469 valere
497 3394 550 3479 ed,
577 3413 654 3488 quod
674 3410 814 3485 expellit·
844 3410 928 3480 Quod
953 3407 1098 3480 aliquanto
1153 3417 1156 3426 ’

178 3529 268 3586 paene
287 3512 369 3564 etitem
387 3511 471 3579 magis
488 3511 525 3564 de
542 3505 714 3578 synecdoche
729 3507 827 3560 dicam.
863 3505 931 3559 Nam
945 3501 1099 3558 translatio

180 3609 370 3684 permovendis
387 3606 484 3660 animis
502 3607 667 3681 plerumque
685 3615 713 3660 et
727 3599 865 3671 signandir
880 3597 980 3666 rebus,
997 3615 1030 3656 ac
1046 3596 1099 3654 sub

99 3770 103 3782 ‚
181 3703 277 3758 oculos
300 3701 480 3770 subiicIendis
505 3707 612 3776 reperta
636 3707 696 3766 est;
730 3697 811 3758 haec,
825 3696 929 3754 variare
949 3711 1100 3750 sermonen

181 3808 288 3873 potest,
307 3806 346 3851 ut
359 3815 393 3852 ex
413 3815 469 3850 uno
487 3796 579 3869 plures
597 3794 798 3862 intelligamus,
818 3801 895 3863 parte
913 3800 1019 3856 toturn,
1038 3803 1100 3863 spe·

105 3877 110 3894 x
183 3896 225 3948 cie
251 3913 351 3964 gensis,
387 3891 618 3966 praecedentibus
647 3887 810 3960 sequeutia,
842 3887 886 3941 vel
912 3887 1004 3941 omnia
1029 3885 1100 3941 Iraee
1170 3895 1172 3898 '

185 4000 292 4048 contra:
322 3990 433 4044 liberior
448 3989 553 4061 poetis,
573 4004 655 4058 quam
672 3981 832 4066 oratoribus:
868 3984 937 4038 Nam
954 4000 1048 4057 prosa,
1068 3989 1101 4035 ut

183 4103 341 4140 »sucronem
361 4102 409 4160 pro
433 4081 541 4154 gladio,
568 4091 596 4136 et
616 4094 715 4138 tactum
735 4097 783 4152 pro
806 4079 886 4132 durno
904 4077 1034 4151 recipiet;
1062 4079 1100 4129 ite
