2890 4866
770 415 855 492 568

312 615 387 672 lunc
410 631 467 678 reus
490 617 659 698 accussatiouq
678 617 851 690 antiquitatis
871 624 1019 690 praecepta
1041 599 1204 686 cognoscere
1227 616 1313 682 velit,

314 720 395 774 odeat
408 721 560 774 Dsounssnu
575 721 739 786 Huncine,
759 722 808 796 qui
822 721 851 773 in
866 734 928 774 arte
939 739 991 772 sua
1006 720 1148 775 rhetorica
1165 719 1222 774 iere
1240 733 1315 773 totus

312 826 397 880 estin
413 823 590 896 explicandis
604 826 725 898 cingulis
739 826 898 878 credonem
914 823 1062 894 speciebus.

549 1049 551 1053 ’
617 1082 714 1157 ou
740 1084 774 1156 Ρ
800 1083 836 1156 u
861 1083 896 1154 'r
931 1067 1005 1156 Ἢ.

475 1235 535 1315 De,
548 1234 676 1318 reliquis
700 1234 775 1314 antis
795 1195 960 1314 prosaiche
978 1209 1152 1312 generibus.

312 1379 439 1450 (Praeter
453 1377 599 1431 oratorium
615 1378 723 1449 antiqui
743 1378 788 1429 vix
810 1377 887 1430 uliud
903 1380 967 1430 artis
982 1378 1119 1449 prosaicae
1137 1393 1222 1446 genus
1236 1391 1316 1448 puae·

382 1483 469 1554 ceptis
485 1482 540 1534 suis
557 1482 714 1550 attigerunt.
751 1482 901 1552 Perpaucn,
925 1482 1078 1553 eademque
1093 1484 1236 1534 maximam
1253 1501 1317 1554 par-

382 1593 438 1638 tem
456 1588 485 1642 ἑν
497 1582 616 1659 παρόδῳ
630 1583 821 1636 tantummodo
835 1585 870 1636 de
883 1583 1088 1655 philosophiae,
1113 1583 1240 1637 historiae
1257 1584 1317 1656 epi-

381 1687 569 1758 stolarumque
595 1697 653 1740 arte
682 1687 759 1740 dicta
784 1687 912 1740 offendes.
955 1687 1034 1758 Quae
1059 1689 1115 1755 jam
1141 1697 1313 1760 sequuntur,

383 1789 541 1861 hujusmodi
555 1799 765 1864 praeceptorum
778 1806 912 1844 summam
927 1787 984 1844 iere
1001 1787 1171 1858 continent).

756 1995 779 2076 s.
821 1995 872 2062 64.

462 2132 467 2142 ’
497 2199 498 2203 ¹
596 2103 647 2188 ¹De
670 2147 786 2209 genere
808 2125 971 2188 diductico
993 2125 1031 2202 *).

315 2265 410 2340 (Quae
430 2265 502 2320 circa
516 2265 569 2322 hoc
585 2285 669 2335 genus
683 2267 857 2339 reperiuntur
869 2267 943 2338 apud
960 2275 1064 2320 veteres
1079 2266 1220 2338 scriptores
1238 2283 1317 2348 pune-

384 2380 482 2444 cepta,
507 2371 542 2422 ad
556 2369 640 2422 solam
653 2371 708 2424 iere
722 2369 925 2443 philosophiam
940 2372 1094 2442 pertinent3
1116 2371 1191 2443 quod
1205 2371 1316 2424 interim

382 2490 440 2526 non
463 2472 570 2537 obstat,
597 2473 743 2543 quominus
763 2491 885 2542 magnam
897 2483 1002 2545 partem
1017 2474 1052 2528 de
1071 2473 1184 2547 reliquis
1202 2491 1315 2547 quoque

286 2583 293 2590 “
385 2555 516 2628 ioctnnis
529 2573 619 2628 volere
633 2572 762 2646 possint).

644 2751 742 2802 Cicero
777 2749 872 2821 (Orat.
888 2767 911 2802 c.
932 2751 992 2822 19.)

363 2879 568 2960 Quamquam
582 2886 613 2938 et
621 2848 811 2958 Philosophi
826 2875 957 2959 quidam
970 2887 1084 2940 ornate
1093 2876 1222 2962 loquuti
1235 2887 1314 2940 sunt

315 2984 491 3068 (siquidem
511 2993 543 3045 et
561 2984 804 3066 Theophrastus
826 2982 999 3046 divinitate
1016 2985 1174 3068 loquendi
1194 3007 1313 3048 nomen

244 3068 247 3078 Ι
315 3091 454 3168 invenit,
468 3102 501 3154 et
511 3091 705 3154 Aristoteles
717 3095 892 3156 Isocratem
907 3093 1012 3175 ipsum
1025 3093 1200 3168 lacessivit,
1213 3096 1314 3155 etXe-

314 3201 491 3285 nophontis
509 3221 590 3300 qoce
607 3202 714 3261 Musae
730 3200 822 3283 quasi
842 3199 993 3282 loquutus
1009 3200 1139 3274 ferunt,
1170 3213 1203 3262 et
1217 3201 1313 3283 longe

314 3309 471 3385 omnium,
501 3308 700 3390 quicumque
715 3308 918 3392 scripserunt
933 3319 989 3369 aut
1000 3307 1127 3390 loquuti
1144 3321 1238 3385 sunt,
1262 3329 1313 3370 ex·

313 3419 399 3482 stitit
416 3429 454 3480 et·
469 3415 629 3479 suavitate
647 3426 679 3478 et
697 3416 854 3499 grauitate
871 3415 1022 3498 princeps
1037 3416 1167 3494 Plato);
1200 3429 1309 3479 tomen

311 3526 429 3588 horum
451 3523 555 3585 oratio
587 3545 694 3606 neque
720 3543 835 3586 nervos
859 3545 964 3606 neque
990 3523 1121 3585 aculeos
1148 3524 1309 3585 oratorios

312 3637 524 3696 uc'forenses
552 3633 658 3696 habet.
701 3634 893 3714 Loqnuntur
918 3651 991 3692 cum
1012 3632 1136 3710 doctis,
1170 3653 1309 3716 quornm

251 3773 253 3780 1
314 3741 425 3802 sedare
442 3741 565 3802 animos
585 3741 732 3815 malunt,
763 3741 866 3821 qnam*
885 3737 1031 3800 incitare.
1074 3740 1128 3802 Sic
1148 3739 1187 3800 de
1211 3740 1308 3800 rebus

311 3847 448 3932 placatis
476 3870 514 3908 uc
543 3848 675 3910 minime
705 3846 923 3923 turbulentis,
940 3905 942 3909 ,
959 3847 1099 3920 docendi
1119 3868 1216 3909 causa
1239 3867 1306 3942 non

352 4078 377 4150 *)
402 4077 443 4138 Cf.
459 4063 581 4136 hecthet.
594 4078 635 4134 lit.
651 4081 822 4134 vern..'l'om.
841 4079 878 4134 ll.
894 4081 917 4148 i.
933 4095 983 4150 297
998 4097 1074 4154 seqq.
