2902 4866
596 433 675 514 tat

137 647 231 713 erat,
253 620 340 699 intra
359 656 393 699 oe
413 634 481 720 ipsa
501 633 666 718 disponit,
699 632 757 696 sed
774 630 873 696 verba
890 631 987 696 ctiam
1008 631 1141 717 copulat

137 757 308 828 totamque
329 745 375 808 ita
397 742 543 807 contexit
563 743 768 817 orationem,
799 751 837 802 ut
857 741 886 802 ei
911 738 991 802 nihil
1012 752 1141 825 praeter

137 875 271 914 manum
292 852 386 914 desit.
429 853 577 934 Namque
597 849 770 912 memoriae
792 870 926 930 quoque
944 848 1140 938 plerumque

137 960 312 1024 inhaerent
341 959 490 1036 fidelius,
534 979 618 1042 qnae
635 935 741 1019 'nulla
769 956 935 1020 scribendi
963 957 1139 1020 securitate

138 1067 293 1129 laxantur
314 1071 351 1144 *l
826 1042 831 1051 ¹

198 1176 261 1240 Sed
285 1197 325 1238 ne
351 1175 392 1238 ad
416 1176 501 1238 hano
529 1173 663 1260 quidem
687 1173 753 1235 vim
779 1173 944 1258 cogitandi
968 1170 1139 1258 perveniri

134 1293 325 1369 potestant
349 1283 459 1347 subito
490 1293 547 1346 aut
578 1283 655 1346 cito.
707 1283 787 1344 Nam
817 1283 957 1367 primum
988 1279 1140 1343 facienda

133 1395 239 1456 multo
257 1394 334 1457 stilo
358 1393 462 1453 forma
478 1403 547 1469 est,
582 1413 665 1474 quae
687 1412 745 1452 nos
767 1392 866 1454 etiarn
884 1390 1065 1473 cogitantes
1087 1411 1140 1452 se·

135 1516 274 1588 quatur:
308 1514 378 1566 turn
402 1500 614 1562 assumendus
642 1522 722 1562 usus
745 1500 940 1583 paullatim,
976 1512 1013 1564 nt
1035 1519 1139 1582 panea

133 1611 275 1696 primurn
307 1608 564 1691 complectamur
592 1609 719 1682 animo,
765 1589 1140 1694 quae⁸relddifidelite⁴r

133 1718 282 1802 possint:
306 1737 379 1776 mox
398 1737 457 1798 per
476 1717 679 1779 incrementa
698 1724 764 1774 tam
784 1714 931 1789 modies,
956 1723 992 1774 ut
1010 1714 1139 1776 onerari

135 1846 171 1891 se
191 1826 284 1885 labor
298 1823 353 1885 ille
370 1845 434 1885 non
456 1823 594 1899 sentiat,
618 1821 763 1905 augenda
782 1822 832 1883 vis
852 1833 884 1884 et
903 1822 1139 1884 exercitatione

135 1932 239 1994 multa
258 1930 459 1994 continenda
478 1941 551 2009 est,
576 1951 659 2014 quae
680 1928 813 2010 quidem
829 1929 967 1988 maxima
989 1951 1027 1991 ex
1047 1939 1138 2012 parte

134 2040 290 2103 memoria
308 2033 453 2117 co‘nstnts
475 2038 616 2120 ideoque
635 2037 743 2119 aliqua
763 2036 842 2096 mihi
861 2037 895 2097 'rn
916 2037 1008 2098 illum
1026 2036 1138 2098 locum
1239 2088 1247 2106 χ
1288 2109 1291 2118 ,

135 2147 313 2210 differenda
331 2158 416 2209 sunt:
460 2147 508 2208 Eo
527 2157 635 2208 tamen
651 2147 822 2227 pervenit,
855 2155 890 2205 ut
904 2145 957 2221 stis,
993 2145 1046 2206 cui
1070 2166 1137 2206 non

134 2257 314 2338 refragetur
334 2254 521 2336 ingenium,
543 2253 612 2316 acri
635 2253 744 2335 studio
763 2250 893 2335 adjutus
912 2263 1040 2314 tantum
1057 2276 1138 2315 con·
1242 2339 1247 2342 -

135 2373 305 2445 sequatur,
325 2372 364 2424 ut
377 2363 406 2424 ei
422 2371 488 2422 tam
509 2381 592 2446 quae
614 2359 785 2442 cogitarit,
812 2383 908 2445 quam
929 2369 1012 2442 quae
1032 2361 1138 2443 scrip·
1197 2347 1200 2352 ³

119 2455 214 2530 ⁵serit
230 2478 330 2552 atque
350 2469 542 2546 edidicerit,
567 2467 600 2530 in
623 2469 763 2531 dicendo
781 2469 877 2530 fidem
897 2480 1038 2532 servent..
1068 2447 1139 2531 ‘Ci-

136 2597 211 2637 cero
240 2567 326 2639 certe
351 2579 550 2638 Graecorum
570 2576 792 2638 Metrodorum
816 2575 987 2659 Scepsium
1012 2586 1044 2666 et
1061 2578 1138 2637 Em·

4 2701 6 2710 ’
40 2768 45 2776 Ι
134 2684 246 2766 pylum
273 2683 436 2745 Rhodium
466 2693 721 2766 nostrorumque
743 2686 956 2748 Hortensium
981 2685 1136 2763 tradidit,
1170 2752 1174 2759 ,

135 2811 220 2874 qnae
238 2791 479 2874 cogitaverant,
503 2791 543 2852 ad
561 2793 697 2854 verbum
714 2791 748 2850 in
768 2791 893 2872 agendo
906 2792 1065 2876 retulisse
1082 2793 1136 2870 ¹³).
1161 2853 1163 2860 ,

194 2899 258 2961 Sed
284 2882 424 2970 rj'forts
447 2898 570 2982 aliquis
593 2899 681 2960 inter
700 2899 877 2962 dicendum
896 2898 1055 2962 effulserit
1081 2921 1138 2962 ex-

134 2987 322 3090 temporalis
340 3006 450 3084 color,
486 3027 551 3067 non
576 3005 806 3088 superstitiose
831 3005 982 3088 cogitatis
1004 3007 1135 3070 demum

135 3124 186 3178 ert
209 3105 454 3176 inhaerendum.
497 3113 611 3198 Neque
635 3113 722 3176 enim
740 3121 869 3175 tanturn
885 3113 1007 3178 habent
1025 3135 1135 3194 curae,
1163 3131 1168 3138 '

139 3293 483 3310 m

182 3422 208 3495 *)
227 3423 294 3477 Alii:
314 3423 476 3494 plerumque
493 3419 622 3476 inhaeret
638 3411 763 3487 fidelius,
779 3418 863 3496 'quod
873 3449 905 3464 ·-
923 3421 1050 3474 laxatur.

165 3518 205 3589 '‘)
215 3521 262 3586 ,De
277 3518 432 3582 Metrodoro
447 3517 576 3588 Scepsio,
596 3519 644 3590 qui
662 3518 746 3591 probe
765 3517 948 3570 secernendus
964 3526 992 3570 et
1006 3535 1019 3568 a
1031 3499 1134 3596 Meti-07

218 3615 284 3667 doro
300 3613 495 3676 Stratonicen,
517 3631 568 3668 nee
584 3631 640 3666 non
656 3613 690 3666 ab
705 3612 754 3666 illo
771 3613 1025 3681 ejusdemnominis
1042 3611 1133 3682 philo-

217 3709 319 3782 sopho,
349 3707 437 3772 ctio,
467 3707 514 3780 qui
534 3707 687 3761 seeundum
714 3710 874 3761 Ciceronem
901 3707 1003 3777 [dead.
1025 3717 1133 3780 quaest.

217 3803 236 3858 l.
252 3803 307 3874 tt]
329 3803 430 3856 librum
447 3801 483 3857 de
500 3812 598 3855 natura
616 3803 787 3874 composuit,
816 3801 870 3856 rid.
889 3801 955 3856 Fsb.
971 3802 1016 3856 XI.
1034 3786 1075 3867 a,
1088 3806 1131 3858 26.

137 3934 141 3942 ,
218 3909 247 3953 ct
262 3917 343 3971 supra
359 3901 380 3966 5.
394 3901 437 3968 67.
474 3898 517 3952 De
537 3899 656 3972 Empylt
681 3895 789 3952 Rhodio
812 3897 971 3952 varietatem
994 3899 1059 3953 leet
1081 3915 1132 3951 no-

214 3996 346 4066 titiasque
359 3993 418 4058 huc
432 3994 600 4067 pertinentes
615 3991 699 4046 babes
714 3992 869 4048 doctitsime
885 3995 1021 4068 expositas
1035 3994 1065 4047 iu
1080 3993 1131 4049 Ed.

216 4088 311 4177 Spald.
327 4090 389 4168 Vol.
404 4091 450 4144 tv.
471 4109 496 4161 p·
514 4092 578 4160 189.·
588 4091 645 4142 not.
662 4088 720 4142 erit.
754 4119 757 4124 ,
817 4149 819 4156 Ι
