2844 4874
509 434 600 509 ’89

65 613 159 718 quam
196 633 368 718 propriis,
409 633 568 718 figuratur
606 632 720 695 oratio.
768 631 830 696 Est
861 644 970 697 autern
1005 653 1072 696 non

146 875 281 948 itt-apud
296 876 442 944 Tragicosr
466 873 506 929 Et
514 875 575 950 jam
592 875 635 929 leo
648 876 760 946 parim
779 883 807 929 at
819 883 896 947 pater
910 883 959 930 eat.
995 875 1074 930 Mille

145 979 216 1024 aunt
238 970 318 1028 haee.
343 999 375 1012 ·-
411 971 687 1043 Discernendumqne
709 979 750 1024 est
772 969 826 1024 hoe
841 979 931 1024 toturn
947 988 963 1022 a
981 984 1075 1024 trana-

145 1065 266 1119 latione
281 1083 382 1134 genus3
403 1066 479 1140 quod
493 1067 593 1119 abusio
608 1075 660 1129 est,
674 1065 728 1134 ,ubi
743 1083 843 1120 nomen
856 1065 961 1134 defuit3
982 1079 1076 1118 trans-

145 1161 242 1224 latio,
272 1160 321 1221 ubl
344 1160 427 1214 alind·
444 1161 503 1215 luit
525 1187 555 1200 -
579 1189 609 1200 —
649 1159 746 1216 Cetera
762 1163 815 1229 jem
833 1179 888 1213 non
904 1159 1076 1228 significandi

147 1257 260 1323 gratia,
281 1256 331 1310 sed
347 1257 382 1308 ad
396 1255 545 1310 ornandam
558 1255 655 1322 modo,
683 1275 740 1310 non
757 1256 910 1324 sugendam
925 1257 1076 1310 orationem

145 1360 340 1404 assumuntur.
383 1351 470 1404 Ornat
493 1352 566 1404 enirn
587 1352 741 1427 ἐπιβατὸν,
768 1351 845 1424 quod
862 1361 938 1405 reete
959 1350 1077 1404 dicimus

146 1447 330 1517 adpositum
367 1465 383 1498 a
403 1445 544 1500 nonnullis
569 1465 687 1518 sequens
710 1447 820 1502 dieitur.
869 1447 910 1500 Eo
930 1455 1027 1519 poetae
1046 1450 1078 1500 et

144 1539 329 1613 frequentina
351 1550 380 1594 et
398 1539 512 1594 liberius
533 1550 658 1594 utuntur.
678 1571 711 1582 ·-
747 1541 829 1613 Apud
845 1551 996 1607 oratorem,
1024 1539 1078 1594 nisi
1149 1602 1152 1611 ¹

145 1619 265 1708 aliquid
280 1627 412 1699 effidem,
439 1636 584 1690 redundat.
622 1637 693 1690 Tum
711 1646 804 1690 autem
820 1636 956 1702 efficitur,
981 1633 1078 1689 alsine

143 1730 217 1796 illo,
239 1730 320 1803 quod
337 1731 456 1796 dicitur,
474 1731 564 1784 minus
577 1739 628 1784 est.
643 1759 674 1772 -
693 1761 725 1772 -
740 1759 773 1772 ‹-
799 1733 871 1786 Sunt
885 1736 995 1796 auten,
1015 1729 1090 1807 qui-¹

146 1825 201 1881 bus
226 1843 289 1878 non
313 1825 440 1879 videatur
459 1825 505 1878 hie
528 1825 641 1879 omnino
662 1835 776 1898 tropus,
803 1827 869 1899 quia
888 1825 960 1879 nihil
980 1832 1079 1882 vertat.

145 1920 277 1974 Necesse
294 1929 335 1974 est
351 1921 424 1973 eninr
439 1938 562 1992 semper,
590 1931 622 1974 ut
634 1921 678 1986 id,
707 1921 784 1993 quod
799 1930 840 1974 est
854 1921 1027 1992 adpositum,
1054 1919 1080 1972 si

137 2021 165 2066 'a
182 2016 300 2088 proprio
319 2015 459 2080 divisoris,
484 2033 534 2087 per
548 2033 577 2070 se
594 2016 746 2084 significet,
775 2026 805 2070 et
819 2003 1079 2070 faciat‘untonoma-

149 2111 228 2165 siam.
251 2140 284 2150 -
302 2139 334 2154 υ
370 2112 407 2164 At
421 2110 605 2186 ἀλληγορία,
631 2127 713 2184 quarn
736 2113 920 2166 inversionem
945 2111 1080 2192 interpre-

113 2270 116 2278 r
150 2213 265 2269 tamur,
294 2205 491 2270 aliudvorbis,
519 2205 690 2260 aliudsensu
707 2205 844 2271 ostendit,
871 2207 953 2260 etiarn
969 2205 1080 2258 interim

151 2301 335 2356 eontrarium.
371 2299 463 2354 Habet
478 2318 557 2354 risum
572 2299 635 2352 talis
649 2298 795 2376 allegoriae
810 2299 969 2372 frequenter
981 2299 1079 2364 oratio,

151 2397 203 2450 ted
217 2414 280 2449 raro
295 2397 396 2462 totiuse
416 2395 582 2468 plerumque¹
599 2394 698 2467 apertis
712 2396 911 2466 permixtaest.
927 2424 959 2436 -
975 2423 1008 2436 -
1045 2393 1080 2446 Id

91 2539 93 2546 ,
152 2508 273 2564 quoque
290 2489 416 2562 'inprimis
441 2499 484 2543 est
505 2490 734 2555 custodiendum,
767 2498 816 2555 ut,
846 2507 901 2562 quo
924 2505 1079 2562 exgenere

153 2587 283 2659 coeperis
303 2585 507 2648 translationis,
534 2584 725 2656 hoesdeainas.
766 2585 852 2638 Multi
875 2586 962 2651 enirn,
992 2603 1080 2657 quum

152 2681 271 2735 initium
301 2697 316 2732 a
351 2689 515 2751 tempestato
546 2690 718 2746 sumserunt,
759 2679 889 2753 incendio
917 2689 968 2734 aut
1000 2681 1080 2735 ruina

155 2775 279 2842 liniunt;
301 2793 373 2846 quae
391 2785 433 2828 est
446 2775 676 2846 inconsequentia
692 2787 781 2828 retum
797 2775 958 2840 foedissima.
997 2775 1081 2830 Cete-

156 2889 219 2924 rum
243 2871 373 2940 allegoria
394 2871 482 2944 parvis
504 2889 618 2943 quoque
640 2869 770 2950 ingeniis,
798 2870 1006 2943 et'quotidiano
1024 2889 1080 2924 ser·

111 2992 116 3004 s
156 2967 235 3020 moni
250 2967 469 3039 irequentisaime
487 2968 579 3022 seruit.
599 2995 631 3008 -
667 2967 716 3020 Est
731 2967 761 3018 ln
779 2967 911 3038 exemplis
930 2968 1078 3035 allegoria,

159 3061 182 3113 ai
205 3079 263 3114 non
287 3063 431 3135 praedieta
450 3063 556 3116 ratione
582 3070 728 3133 ponantur.
753 3089 785 3102 -·
834 3062 909 3113 llaec
930 3061 1079 3132 allegoria,

159 3165 294 3227 quaeest
312 3155 472 3221 obscurior‚'
489 3158 618 3226 aenigma
635 3156 752 3222 dieitur;
780 3157 876 3208 vitium
892 3173 953 3209 meo
967 3156 1080 3227 quidem
1135 3179 1141 3188 =

159 3250 277 3317 jndicio,
296 3251 331 3322 (si
345 3251 468 3322 quidem,
485 3252 576 3306 dicere
592 3251 726 3316 dilucide,
742 3249 857 3324 virtus,)
875 3268 930 3322 quo
943 3260 1036 3304 tamen
1052 3259 1082 3306 et

159 3355 264 3422 poetae
279 3355 415 3398 utunturr
1084 3332 1097 3356 ³

223 3443 278 3494 Die
295 3441 396 3512 quibus
415 3443 447 3493 in
464 3443 568 3506 terris,
588 3456 614 3496 et
631 3445 688 3496 erio
705 3439 774 3494 milri
790 3457 907 3512 magnus
924 3437 1045 3508 Apollo,

228 3537 292 3590 itis
309 3549 407 3609 pateat
418 3539 498 3591 'eoeli
514 3541 634 3610 spartum
654 3555 712 3593 non
730 3535 849 3606 amplius
869 3531 977 3585 ulnas?

753 3629 842 3702 (virg.
860 3627 918 3684 Ecl.
935 3631 987 3684 ΙΙΙ.
1007 3626 1082 3698 rod.)

136 3725 200 3780 “Et
215 3731 334 3780 oratores
350 3745 566 3800 nonnumquam.
603 3729 690 3780 Inoo
713 3739 914 3791 verogenere,
943 3742 998 3796 qno
1016 3740 1083 3776 con·
1148 3749 1150 3754 ·

159 3824 246 3876 ¹traria
262 3822 464 3888 ostenduntur,
491 3824 587 3876 ironia
604 3815 661 3886 est,
689 3820 848 3874 illusionem
861 3828 980 3882 vocant,
1010 3835 1082 3891 quae

167 3917 460 3988 nutpronuntiatione
481 3914 661 3984 intelligitur,
689 3923 738 3967 aut
753 3929 882 3984 persona,
910 3923 959 3969 aut
976 3913 1015 3968 rei
1033 3931 1082 3966 na·

166 4020 235 4066 tura.
272 4011 340 4064 Nam
355 4014 376 4065 si
391 4029 446 4084 qua
463 4009 657 4084 earum3verbis
672 4007 814 4072 dissentit,
829 4007 965 4080 adparet,
993 4009 1082 4061 direr-

169 4123 222 4162 tam
240 4124 297 4162 esse
315 4106 432 4160 orationi
449 4105 628 4164 voluntatem.
650 4135 682 4149 -
702 4133 734 4148 ·-
771 4103 899 4158 Pluribus
913 4105 1007 4159 autem
1022 4121 1083 4160 ver·
