2890 4866
696 389 700 398 ’
760 401 845 477 566

303 603 362 668 sed
388 601 478 688 qnod
504 601 547 666 ad
575 623 727 670 numeros
756 599 903 686 proxime
926 598 1072 662 accedit:
1115 621 1181 683 qno
1208 589 1312 662 etiam

302 713 467 775 difficilius
482 721 532 772 est
551 712 700 772 oratione
715 711 783 784 uti,
812 731 909 792 quam
928 708 1091 771 versibus:
1128 709 1216 790 quod
1239 707 1311 770 illis

303 830 393 882 certa
431 819 591 903 quaedam
613 828 647 881 et
674 817 810 880 definita
832 819 883 878 lex
914 825 982 894 est,
1016 839 1113 898 quam
1141 817 1236 899 sequi
1264 817 1312 879 sit

303 949 454 990 neeesse:
478 927 511 990 in
532 925 671 990 dic'cndo
690 939 798 988 autem
818 924 899 984 nihil
919 936 970 986 est
991 925 1215 1006 propositum,
1241 921 1309 984 nisi

303 1037 663 1114 uutneimmoderata,
692 1045 749 1097 aut
769 1043 924 1116 angusta,
958 1044 1014 1094 aut
1034 1033 1214 1106 dissoluta,
1249 1041 1311 1094 aut

302 1145 408 1208 {luens
435 1147 478 1208 sit
504 1147 618 1206 oratio.
672 1147 787 1226 Itaque
817 1165 882 1203 non
912 1151 989 1202 sunt
1021 1142 1055 1201 in
1081 1164 1118 1203 ea
1147 1151 1311 1223 tanquam

302 1253 434 1315 tibicini
459 1253 709 1337 percussionum
736 1245 845 1327 modi,
883 1251 941 1312 sed
972 1249 1126 1310 universa
1155 1270 1312 1332 compre·

301 1359 420 1422 hensio
441 1369 474 1420 et
493 1359 618 1440 species
636 1357 821 1434 orationis,
853 1357 964 1418 clausa
986 1369 1018 1420 et
1040 1357 1214 1420 terminata
1238 1366 1309 1419 est:

303 1467 393 1550 quod
408 1468 569 1547 voluptate
586 1468 708 1527 aurium
724 1465 899 1549 judicatur.
941 1465 1032 1527 Solet
1049 1477 1157 1528 autem
1178 1465 1310 1547 quaeri,

301 1587 416 1638 totone
438 1575 473 1634 in
500 1575 624 1636 ambitu
643 1575 817 1636 verborum
834 1573 962 1634 numeri
985 1573 1120 1635 tenendi
1146 1573 1233 1652 sint,
1264 1597 1308 1637 an

302 1681 471 1768 inprimis
496 1683 642 1767 partibus
661 1693 760 1766 atque
781 1683 815 1743 in
838 1681 999 1744 extremis.
1042 1681 1197 1764 Plerique
1216 1683 1309 1744 enim

303 1801 459 1870 censent,
484 1791 600 1852 cadere
618 1799 747 1853 tantum
763 1810 936 1852 numerose
953 1800 1103 1875 oportere
1119 1791 1310 1851 terminari·

303 1919 368 1982 que
399 1899 606 1961 sententiam.
656 1899 717 1962 Est
735 1908 843 1959 autem
855 1942 870 1975 ,1
897 1911 934 1960 nt
955 1898 988 1958 id
1011 1899 1149 1960 maxime
1167 1898 1307 1979 deceat,

304 2027 369 2068 non
393 2006 426 2067 id
445 2005 568 2081 solum;
603 2006 774 2088 ponendus
795 2015 844 2067 est
866 2003 955 2066 enim
970 2005 1030 2067 ille
1049 2006 1213 2082 ambitus,
1238 2029 1307 2068 non

304 2113 517 2200 abjiciendus.
560 2117 669 2194 Quare
690 2137 765 2176 cum
784 2137 878 2176 aures
903 2125 1231 2197 extremumscmper
1250 2137 1310 2177 ex-

304 2235 467 2307 spectent,
484 2223 519 2287 in
536 2246 640 2306 eoque
655 2223 879 2308 acquiescant,
902 2223 935 2284 id
951 2245 1066 2285 vacare
1083 2246 1218 2286 numero
1237 2246 1307 2286 non

304 2341 453 2415 oportet:
487 2333 544 2392 sed
570 2331 717 2393 adhunc
738 2333 859 2394 exitum
879 2341 987 2394 tamen
1009 2355 1027 2390 a
1045 2332 1210 2416 principio
1228 2332 1309 2393 ferri

304 2439 400 2502 debet
427 2440 599 2501 verborum
627 2438 683 2498 illa
709 2439 978 2523 comprehensio,
1014 2451 1047 2502 et
1067 2450 1175 2522 totana
1197 2441 1309 2523 capite

304 2545 350 2608 ita
372 2545 492 2624 fluere,
525 2558 561 2608 ut
587 2547 627 2608 ad
658 2557 838 2609 extremum
869 2548 1004 2611 veniens
1036 2548 1105 2632 ipsa
1137 2550 1308 2613 consistat.

304 2654 342 2716 ld
370 2665 478 2714 autem
503 2654 588 2714 bona
620 2655 794 2735 disciplina
821 2655 1029 2731 exercitatis,
1068 2657 1124 2740 qui
1147 2669 1179 2720 et
1204 2659 1310 2721 multa

305 2759 520 2842 scripserint,
549 2772 583 2823 et
606 2783 834 2843 quaecumque
857 2761 955 2822 etiam
975 2762 1046 2824 sine
1070 2763 1193 2846 scripto
1215 2765 1310 2828 dice-

304 2879 396 2946 rent,
418 2867 539 2930 similia
561 2869 758 2952 scriptorum
779 2864 965 2947 effecerint,
988 2891 1053 2930 non
1072 2873 1135 2933 erit
1154 2871 1311 2934 difficilli-

305 2997 404 3038 mum.
446 2977 532 3040 Ante
561 2971 648 3039 enim
675 2977 960 3040 circumscribitur
985 2988 1094 3041 mente
1121 2981 1308 3059 sententia,

305 3086 544 3168 confestimque
569 3087 666 3148 verba
697 3097 916 3149 concurrunt:
954 3108 1040 3170 quae
1060 3109 1151 3168 mens
1175 3087 1307 3168 eadem,

305 3215 371 3276 qua
386 3193 468 3253 nihil
483 3207 532 3256 est
549 3193 701 3273 celerius,
720 3195 831 3257 statim
849 3193 997 3271 dimittit,
1022 3206 1059 3257 ut
1075 3215 1134 3256 suo
1152 3197 1308 3280 quodque

303 3299 378 3365 loco
404 3302 615 3384 respondeat:
652 3324 792 3384 quorum
817 3302 1001 3388 descriptus
1025 3302 1105 3364 ordo
1122 3305 1208 3366 alias
1243 3305 1308 3366 alia

266 3451 269 3458 ,
304 3411 536 3472 terminatione
562 3410 790 3472 concluditur:
823 3420 920 3494 atque
947 3411 1056 3474 omnia
1076 3413 1133 3473 illa
1152 3423 1185 3474 et
1202 3413 1307 3497 prima

306 3527 339 3579 et
367 3518 472 3579 media
496 3520 592 3580 rerba
618 3527 765 3600 spectare
789 3517 910 3582 debent
934 3520 974 3583 nd
993 3522 1157 3584 ultimum.
1203 3523 1307 3584 lntcr·

306 3611 384 3685 dum
404 3625 490 3686 enirn
508 3649 622 3688 cursus
642 3637 691 3689 est
710 3627 744 3696 in
763 3628 909 3690 oratione
930 3631 1117 3708 incitatior,
1141 3631 1307 3694 interdum

306 3720 470 3792 moder'ata
485 3735 666 3816 ingressio:
700 3745 737 3796 ut
754 3734 817 3819 jam
835 3759 851 3795 a
868 3737 1032 3822 principio
1051 3741 1226 3801 ridendum
1248 3741 1304 3819 sit,

308 3839 579 3924 quemadmodum
598 3845 679 3906 velis
698 3845 810 3914 venire
828 3846 869 3906 ad
888 3839 1075 3910 extremum.
1109 3850 1174 3910 Nec
1194 3849 1225 3908 in
1245 3871 1305 3908 nu·

308 3949 405 4026 uteris
423 3949 541 4030 magis,
575 3973 671 4034 quam
691 3953 721 4013 in
742 3953 876 4036 reliquis
898 3959 1098 4018 ornamentis
1123 3956 1302 4034 orationis,
1349 3969 1351 3976 '
1441 3967 1442 3982 ¹

310 4059 421 4124 eudem
438 4079 512 4122 cum
529 4057 704 4138 faciamus,
738 4082 821 4143 quae
838 4073 971 4145 poetae,
1007 4063 1173 4148 effugimus
1193 4075 1301 4126 tamen
