2890 4866
586 416 673 496 559

127 629 188 697 ut,
220 617 248 680 si
267 615 308 680 ad
328 639 474 702 equum,
507 614 661 696 domum,
692 626 838 694 vestem,
871 634 1052 676 sermonem
1076 613 1132 675 nli·

127 726 224 812 cujos
239 727 477 802 accommodem
493 725 612 808 quibus
625 725 753 794 animus
766 745 891 800 eorum,
910 725 967 806 qui
982 723 1132 798 audiunt,

82 835 99 862 ¹
127 846 163 898 et
182 837 324 920 aliquem
344 835 546 908 dilexerunt,
570 833 1029 896 vehementercommovetur.
1071 835 1133 893 De-

127 943 255 1032 ¹cimus,
277 965 336 1028 per
353 959 451 1026 quem
468 933 601 1026 inopia,
622 941 811 1016 iufirmitas,
836 940 979 1001 solitudo
999 942 1132 1002 demon·
1195 945 1199 954 '

126 1061 261 1113 stratur.
305 1051 527 1129 Undecimus,
561 1073 619 1133 per
644 1073 742 1133 qoem
765 1061 820 1111 aut
843 1049 1041 1125 liberorum,
1075 1060 1133 1112 siut

124 1171 321 1242 parentum,
355 1171 411 1222 aut
438 1159 491 1220 sui
514 1158 658 1242 corporis
679 1156 878 1242 sepeliendi,
896 1167 967 1218 ¹aut
987 1155 1130 1240 alicujus
1155 1143 1158 1150 .

125 1265 286 1347 ejusmodi
305 1266 353 1328 rei
369 1265 610 1328 commendatio
628 1266 674 1329 sit.
703 1264 937 1340 Duodecimus,
959 1285 1132 1348 perquem

123 1373 296 1456 disjunctio
315 1373 505 1457 deploratur
521 1372 708 1456 abaliquo,
732 1395 806 1434 cum
827 1371 994 1436 diducaris
1015 1355 1054 1432 ab
1073 1365 1130 1450 eo,

126 1482 263 1564 quicum
278 1480 494 1557 libentissime
509 1479 649 1556 vixeris,
680 1488 920 1564 utaparente,
951 1481 1040 1556 filio,
1072 1482 1132 1541 fra·

86 1650 94 1664 ,
125 1598 200 1667 tre,
235 1587 398 1650 familiari.
441 1586 743 1664 Tertinsdeeimus‚
776 1609 955 1671 perquem
981 1609 1057 1648 cum
1085 1590 1133 1648 in·
1222 1609 1225 1616 ·

127 1695 318 1777 dignatione
339 1694 596 1778 conquerimur,
630 1695 719 1777 quod
741 1695 859 1774 abiis,
893 1695 1051 1778 aquibus
1071 1695 1137 1756 mi-'

127 1802 215 1864 nime
235 1803 422 1876 conveniat,
444 1803 526 1865 male
541 1813 741 1879 tractemus,
764 1802 980 1886 propinquis,
1004 1803 1130 1878 etnicis,

127 1912 248 1992 quibus
271 1911 551 1984 benefecerimus,
586 1932 669 1993 quos
691 1909 854 1994 adjutores
874 1913 944 1973 fore
963 1909 1133 1994 putareri-

127 2041 220 2097 mus,
244 2029 333 2080 anta
351 2022 470 2104 quibus
488 2019 658 2102 indiguum
677 2029 744 2093 est;
780 2032 817 2082 ut
837 2020 959 2096 sorvis,
983 2018 1128 2097 libertis,

128 2126 329 2204 clientibus,
367 2127 582 2210 supplicibus.
636 2127 953 2207 Quartusdecimus‚
989 2127 1046 2208 qui
1074 2147 1133 2208 per

127 2235 374 2298 obsecrationem
397 2219 553 2322 sumitur:
576 2235 608 2306 in
631 2257 697 2318 quo
716 2244 853 2295 orantur
870 2233 966 2294 uredo
983 2234 1050 2310 illi,
1075 2233 1133 2316 qui

129 2343 290 2420 audiunt,
316 2343 432 2404 humili
453 2353 485 2406 et
501 2343 642 2426 supplici
660 2341 827 2418 oratioue,
847 2351 887 2402 ut
905 2342 1132 2404 misereantur.

130 2451 444 2530 Quintusdeeimus,
467 2473 526 2534 per
544 2431 646 2536 *quem
667 2473 732 2512 non
759 2461 903 2536 nostras,
927 2449 984 2511 sed
1005 2471 1132 2527 eorum,

131 2540 188 2642 qui
215 2563 284 2642 pari
312 2560 405 2622 nobis
433 2561 553 2624 debent
579 2581 669 2630 esse,
701 2563 849 2622 fomuuas
880 2559 1043 2642 conqueri
1073 2578 1132 2620 nos

130 2667 401 2732 demonstramus.
437 2669 704 2732 Sextusdecimus
720 2679 780 2743 est,
804 2690 973 2750 perquem
986 2667 1134 2728 altimum

130 2784 281 2834 nostrum
308 2779 342 2836 in
372 2777 452 2838 alios
481 2775 726 2840 misericordem
750 2797 819 2836 esse
845 2776 1067 2852 ostendimus,
1100 2784 1134 2836 et

130 2863 239 2940 tamen
258 2883 423 2962 amplum,
445 2893 478 2944 et
498 2884 684 2955 excelsum,
706 2893 738 2944 el
758 2883 936 2964 patientem
958 2884 1135 2946 iucommo·

131 2986 246 3048 dorum
267 3007 357 3064 csso,
391 3001 424 3050 et
447 2992 614 3062 futurum,
646 2989 673 3050 si
692 2989 773 3070 quid
791 2989 968 3064 acciderit,
1001 2991 1134 3052 demon-

122 3107 289 3156 stramus:
320 3117 395 3156 uam
418 3117 514 3180 saepe
533 3097 655 3184 virtus,
679 3109 712 3159 et
730 3097 989 3180 magnificentia,
1014 3097 1046 3158 in
1068 3119 1133 3180 qua

132 3203 271 3286 gravitas
288 3214 320 3266 et
339 3204 518 3266 auctoritas
536 3213 604 3280 est,
638 3204 713 3286 plus
730 3204 860 3286 proficit
885 3204 924 3264 ad
950 3206 1133 3268 misericor-

132 3314 217 3396 diam
244 3313 529 3390 commovendam,
570 3315 667 3396 quarn
688 3311 856 3374 humilitus
884 3325 917 3374 et
938 3315 1132 3376 obsecratio.

132 3421 320 3507 Commotis¹
342 3431 451 3482 autem
490 3419 625 3498 animis,
650 3421 791 3483 ¹diutius
827 3422 865 3500 in¹
892 3422 1133 3503 conquestione
1167 3401 1170 3404 .

133 3529 251 3590 morari
268 3553 332 3591 non
349 3529 522 3618 oportebit.
566 3529 847 3606 Quemadmodum
865 3531 951 3590 enim
966 3530 1049 3590 dixit
1064 3531 1134 3594 rbe-

131 3648 184 3698 tor
203 3628 415 3720 Apollonius,
439 3640 585 3699 Laeuius
604 3661 688 3698 uiuis
710 3661 812 3700 errius
837 3657 976 3700 sasscrr.
1029 3618 1032 3626 ,

391 3832 509 3894 Qnimil.
546 3831 632 3901 (lust.
648 3850 684 3882 or.
702 3830 720 3880 l.
737 3831 782 3880 l'l.
800 3847 823 3892 c.
845 3828 883 3900 r.)

192 3958 359 4019 Peroratio
394 3958 616 4038 sequebatur,
659 3977 756 4036 quam
792 3957 946 4016 currueluru
979 3954 1132 4036 quidum,

134 4065 362 4125 conclusionem
383 4062 437 4123 alii
462 4075 592 4126 vocant.
635 4060 713 4146 Ejus
731 4063 850 4144 duplex
870 4063 954 4123 ratio
978 4072 1046 4139 cst,
1076 4083 1116 4143 po

134 4171 195 4260 sita
216 4179 272 4232 ant
290 4171 322 4230 iu
345 4172 463 4250 rebus,
486 4183 543 4233 aut
561 4171 596 4232 in
619 4170 801 4235 all'ectibus.
