2888 4876
775 344 833 422 dl)

366 551 578 632 Perspicuum
598 547 631 608 in
652 544 759 612 verbis
777 491 987 629 praecipuam
1004 540 1102 604 habet
1121 540 1306 624 proprieta-

304 667 392 732 tem3
424 657 480 722 sed
499 655 679 747 proprietas
696 656 765 739 ipsa
786 676 852 715 non
874 651 1067 736 simpliciter
1087 650 1249 734 accipitur
1265 650 1306 730 *).

304 767 432 828 Primus
456 761 543 828 enini
566 765 754 827 intellectus
784 772 834 826 est
856 783 914 823 sua
937 758 1099 845 cujusque
1117 759 1165 822 rei
1191 759 1308 841 appel·
1332 765 1341 770 “

305 873 383 936 latio
395 900 409 946 ς»
437 896 501 956 qua
528 895 594 935 non
626 891 754 953 semper
779 880 918 932 utemur.
969 851 1063 930 Nam¹
1084 878 1117 930 et
1142 869 1308 929 ahscoena

256 1007 257 1014 ¹
304 981 499 1057 vitabimus,
524 990 556 1042 et
574 978 704 1040 sordida
725 988 758 1039 et
774 976 919 1039 humilia.
962 978 1046 1038 Sunt
1068 985 1176 1036 autem
1198 973 1310 1034 humi-

229 1090 232 1110 ’
304 1087 348 1148 lia
375 1089 456 1149 infra
477 1089 669 1170 dignitatem
687 1103 796 1156 rerum
818 1095 875 1146 a'ut
898 1085 1032 1146 ordinis.
1077 1085 1114 1147 In
1139 1105 1210 1165 quo
1225 1083 1310 1145 vitio

306 1195 452 1259 cavendo
481 1217 546 1256 non
574 1194 784 1258 mediocriter
801 1215 907 1256 errare
931 1193 1063 1276 quidam
1083 1191 1312 1272 solent,4qui

306 1277 435 1379 omnia,
464 1311 646 1384 quaesunt
666 1302 700 1362 in
720 1325 801 1380 usu,
833 1281 932 1365 etiam
949 1301 976 1362 si
995 1321 1112 1362 causae
1128 1297 1311 1362 necessitas

305 1394 473 1493 postulet,
503 1409 725 1474 reformident.
747 1447 788 1460 --
808 1447 851 1460 κ
901 1411 939 1469 ln
968 1409 1030 1470 hac
1059 1411 1205 1488 (autem)
1232 1429 1313 1490 pro-

305 1516 454 1600 prietatis
483 1517 590 1598 specie
601 1562 616 1595 ,ἴ
651 1539 734 1600 quae
763 1517 951 1580 nominihus
977 1515 1055 1600 ipsis
1077 1515 1238 1600 cujusque
1260 1513 1311 1575 rei

281 1624 434 1699 -utitur,
468 1623 560 1696 nulla
586 1625 691 1687 virtus
720 1635 792 1699 θεῖς
836 1636 936 1708 atque
963 1623 993 1702 ci
1032 1623 1234 1685 contrarium
1260 1611 1312 1682 est

305 1730 426 1792 vitium
448 1731 502 1808 id,
527 1733 616 1814 quod
633 1733 721 1816 apud
741 1753 800 1794 nos
821 1709 1204 1819 improprium,'otevpou
1224 1727 1312 1814 apud
1399 1810 1403 1815 .
1427 1757 1428 1812 4

307 1839 450 1914 Graecos
468 1849 608 1917 vocatur
620 1886 628 1917 ,
653 1840 750 1923 quale
764 1851 837 1902 asta

456 1981 498 1998 -
520 1983 559 1996 -·-
581 1919 724 2010 Tant‘nin
748 1967 877 2031 sperare
896 1946 1042 2009 dolorem
1057 1945 1113 2025 **).

306 2053 380 2118 Non
403 2063 533 2134 tamen,
569 2054 730 2143 quidquid
758 2075 824 2116 non
851 2055 914 2120 erit
937 2055 1126 2142 proprium,
1157 2052 1309 2137 protinus

308 2171 341 2223 et
367 2161 536 2246 improprii
559 2163 640 2229 vitio
667 2163 849 2238 laborabit3
891 2165 969 2248 quia
993 2164 1135 2246 primurn
1164 2143 1312 2238 omniurn

308 2269 517 2365 multa‘sunt
544 2283 577 2334 et
602 2275 724 2355 graece
740 2273 773 2334 et
797 2271 899 2334 latine
927 2293 993 2332 non
1011 2269 1243 2358 denominata.
1272 2305 1311 2320 -

307 2376 402 2437 Unde
431 2375 561 2454 abusio,
596 2399 680 2460 quae
706 2379 914 2466 κατάχρησις
935 2378 1160 2458 ᾱίοἰῐαι*“”),
1195 2399 1312 2440 neces-

276 2539 282 2544 ·
325 2509 672 2532 m

342 2580 368 2658 *)
391 2579 555 2638 Dilucidum
574 2583 605 2636 fit
623 2583 730 2636 usitatis
748 2582 855 2648 verbis,
874 2583 1003 2656 propriis,
1022 2574 1177 2656 dispositis,
1198 2593 1247 2638 aut
1261 2584 1313 2638 cir-

310 2709 317 2716 *
396 2677 609 2748 cumscriptione
629 2679 775 2744 conclusa,
804 2687 854 2731 aut
871 2679 1070 2733 intermissione
1089 2691 1138 2734 aut
1156 2680 1313 2734 concisione
1329 2709 1334 2718 ·

396 2773 550 2831 verborum.
586 2773 741 2828 Obscurum
765 2783 860 2827 autem
885 2783 934 2844 aut
957 2776 1146 2844 longitudine,
1174 2785 1222 2828 aut
1236 2793 1314 2828 *con-

305 2859 307 2863 ’
347 2907 352 2918 ,
398 2868 534 2922 tractione
553 2869 699 2934 orationis,
729 2878 778 2923 aut
799 2869 977 2938 ambiguitate
996 2879 1045 2924 aut
1062 2870 1209 2924 inflexione
1227 2878 1313 2942 atque

397 2957 589 3021 immutatione
613 2965 766 3024 verborum.
810 2965 920 3042 (Cicer.
944 2969 988 3040 De
1012 2967 1103 3042 partit.
1129 2975 1196 3022 orat
1222 2983 1246 3020 c.
1264 2967 1312 3021 VI.

397 3063 423 3128 t·
446 3059 506 3132 u)

334 3155 374 3231 m)
402 3158 499 3229 Virgil.
517 3158 585 3213 Aen.
603 3156 623 3212 l.
643 3153 692 3214 IV.
708 3177 733 3215 r.
752 3162 812 3230 419.
857 3157 962 3240 Totus,
994 3159 1029 3212 ad
1054 3175 1137 3232 quem
1161 3157 1312 3227 alluditur,

399 3254 479 3308 iocus
496 3253 535 3308 ita
553 3261 648 3306 sonata
769 3239 776 3253 i

460 3327 542 3402 Hunc
561 3365 628 3416 ego,
655 3347 677 3402 si
695 3349 773 3420 potui
791 3357 900 3402 tantam
918 3365 1024 3420 sperare
1042 3337 1182 3414 dolorem,

423 3481 433 3522 g
460 3443 496 3496 Et
512 3443 647 3514 perferre,
675 3461 765 3508 soror,
797 3454 903 3516 potere
979 3489 986 3498 ,

321 3532 374 3608 ***)
401 3536 442 3590 Cf.
462 3555 533 3610 quae
553 3548 594 3592 est
611 3539 686 3608 apud
704 3541 787 3594 duct.
804 3539 839 3592 ad
858 3541 955 3592 lieren.
976 3537 1012 3610 (l.
1033 3539 1079 3594 lv.
1106 3555 1130 3594 c.
1150 3540 1190 3593 33.
1214 3536 1313 3610 Μὸ.)

392 3633 545 3686 ‘abusionis
569 3635 707 3688 definitio=
751 3629 854 3690 Abusid
880 3645 936 3698 est,
973 3651 1052 3707 quae
1073 3635 1155 3688 verbo
1180 3635 1262 3687 simili
1286 3645 1313 3690 et

398 3729 553 3799 propinquo
572 3747 619 3801 pro
636 3739 711 3782 certo
730 3739 758 3782 et
776 3731 883 3802 proprio
902 3730 1027 3803 abutitur
1045 3729 1098 3782 hoc
1117 3729 1213 3782 medea
1241 3732 1312 3785 Vires

399 3821 542 3876 hominum
561 3824 653 3879 breues
671 3834 753 3889 sunt,
773 3835 822 3880 sut
839 3845 926 3898 parua
946 3823 1066 3898 statura,
1093 3836 1142 3879 aut
1153 3827 1268 3896 longum
1284 3826 1314 3880 in

303 3922 310 3934 '
400 3915 512 3974 homine
530 3919 693 3985 consilium,
713 3929 764 3974 aut
780 3921 866 3974 oratio
884 3937 1002 3992 magna,
1028 3929 1077 3974 aut
1094 3923 1137 3976 uti
1152 3941 1243 3993 pauco
1261 3941 1314 3974 ecr-

399 4031 488 4071 moue.
515 4014 584 4068 Nam
598 4013 644 4070 hic
657 4016 739 4070 lauile
755 4025 796 4069 est
814 4015 972 4082 intellectu,
991 4016 1106 4070 finitimo
1123 4017 1209 4077 verba
1227 4035 1312 4074 rerum

304 4121 308 4124 ’
401 4108 571 4164 dissimilium
590 4111 694 4166 ratione
714 4109 851 4166 abusionis
870 4129 927 4168 esee
945 4111 1081 4167 traducta.
1151 4159 1152 4162 ,
