2888 4876
27 553 34 584 r
321 571 325 580 .

67 618 121 684 nisi
144 627 212 686 arte
236 601 373 707 adsequi
392 629 501 707 potest
514 649 523 700 ς
554 621 619 688 boe
634 622 829 688 exercitatio
851 597 957 712 ¹petit,
988 625 1053 691 hoe

69 727 213 803 imitatio;
253 729 309 814 hie
341 729 447 792 omnis
478 719 569 794 aetat
605 733 820 803 eonsumitur.
870 733 944 820 Pion
979 735 1054 798 ideo

27 901 29 910 ,
70 845 160 898 tamen
189 835 260 898 sola
289 845 339 900 est
368 837 492 922 agenda
526 861 605 902 cura
635 836 818 910 'verborum
871 843 1055 906 Occurram

27 1019 28 1026 ἵ
69 943 159 1019 enirn,
196 965 332 1007 necesse
356 955 425 1024 eat,
458 957 508 1024 et,
537 947 689 1009 velutin
714 947 877 1012 vestibulo
902 950 1054 1033 protinus

70 1051 303 1145 apprehensuris
322 1051 406 1116 hane
431 1055 669 1123 confessionem
685 1039 822 1133 meam,
833 1055 984 1118 resistam
1000 1057 1053 1135 iia,

71 1157 114 1240 qui
133 1159 249 1220 omissa
269 1181 379 1221 rerum
397 1161 478 1244 (qtri
494 1161 586 1224 nervi
606 1163 735 1225 suntin
759 1163 885 1242 causis)
914 1161 1055 1246 diligen-

69 1265 115 1342 tia,
135 1267 275 1349 quodam
292 1267 383 1328 inani
398 1268 485 1332 cirea
498 1284 595 1348 voees
613 1271 721 1332 studio
738 1277 930 1332 senescunt:
954 1263 1065 1353 idque¹

70 1373 178 1435 iaciunt
204 1375 308 1457 gratia
337 1375 486 1454 decoris,
520 1357 692 1460 quod-est
720 1377 753 1438 in
783 1377 945 1454 dicendo,
985 1399 1056 1440 mea

71 1481 183 1561 quidem
203 1482 377 1566 opinione,
401 1467 679 1566 pulcherrimum
703 1485 766 1553 sed
777 1508 879 1568 quum
893 1485 1056 1569 sequitur,

72 1608 123 1650 non
140 1593 240 1672 quum
262 1591 455 1670 adfectatur.
499 1593 641 1677 Corpora
662 1615 761 1674 sana,
786 1604 820 1656 et
842 1593 962 1676 integri
985 1605 1057 1654 san·
1117 1579 1119 1586 ,

71 1696 180 1776 guinis',
211 1707 246 1760 et
274 1699 509 1762 exercitatione
535 1701 680 1778 firmata,
716 1721 754 1762 ex
774 1699 889 1762 iisdem
906 1700 957 1762 his
983 1676 1057 1784 spe-

73 1802 138 1864 eiem
154 1806 345 1892 accipiunt,
368 1807 547 1890 exquibus
567 1807 674 1871 viror:
697 1805 838 1892 namque
857 1817 889 1871 et
911 1807 1057 1870 colorata

75 1919 98 1972 et
112 1912 261 1974 adstricta
280 1924 313 1976 et
329 1912 632 1999 lacertisexpressa
652 1927 748 1991 eunti
781 1905 991 1993 sedendam,
1026 1915 1055 1978 ei

75 2020 129 2100 quis
144 2021 234 2082 vulsa
254 2031 353 2106 atque
368 2025 480 2086 fucata
498 2021 705 2086 muliebriter
723 2001 852 2101 comat,
865 2024 1056 2087 foedissima

76 2137 132 2188 aunt
150 2129 220 2213 ipso
240 2125 364 2192 formae
387 2129 507 2192 labore.
549 2131 593 2192 Et
617 2131 725 2193 cultus
753 2151 931 2220 concessus
955 2141 1055 2214 atque

77 2236 243 2315 magnificus
261 2237 351 2297 addit
367 2235 571 2316 hominibus,
596 2248 632 2300 ut
651 2257 767 2320 graeco
784 2257 882 2298 versu
900 2247 1056 2300 testatum

82 2345 162 2422 eslf),
194 2345 446 2428 auctoritatemff
484 2353 517 2408 at
536 2323 705 2409 muliebris
728 2353 760 2406 et
779 2343 965 2430 luxuriosus
988 2364 1056 2406 non

84 2467 170 2532 corpus
198 2465 360 2531 exornat,
394 2452 450 2516 eed
479 2441 607 2536 detegit
629 2463 781 2514 mentem.
822 2452 982 2516 Similiter
1000 2452 1058 2515 illa

78 2559 256 2622 translucida
282 2569 320 2622 ‘et
347 2559 529 2624 versicolor
553 2560 771 2648 quorumdam
801 2561 975 2645 eloquutio
1003 2581 1056 2624 res

73 2659 139 2745 ipsas
156 2667 361 2746 effoeminat,
396 2691 479 2754 quae
497 2667 555 2729 illo
579 2670 754 2730 verborum
774 2669 889 2730 babitu
909 2670 1057 2732 vestiun-

27 2841 29 2874 ἱ
71 2777 121 2834 tur.
157 2777 277 2838 Curam
296 2778 586 2862 ergorerborum‚
615 2799 727 2840 rerum
744 2777 821 2838 volo
840 2799 911 2840 esse
930 2775 1057 2840 solliei—
1122 2837 1123 2842 ,

70 2880 210 2946 tudinem.
238 2883 335 2946 atam
361 2883 560 2969 plerumque
585 2885 707 2968 optima
731 2886 828 2948 rebus
855 2885 1055 2970 cohaerent,

70 2999 96 3051 et
119 3002 299 3054 cernuntur
326 3015 386 3054 suo
413 2992 558 3067 lumine;
605 3003 638 3057 at
668 3013 728 3056 nos
761 2994 948 3078 quaerimus
979 2993 1056 3074 illa,

70 3131 409 3156 -η-ι--ι--υ-ὺ-ι

141 3216 359 3287 quodammodo:
394 3215 487 3288 qualia
514 3223 580 3270 sunt
607 3233 656 3281 ea,
691 3233 762 3288 quae
786 3215 987 3296 transferuntur
1008 3225 1058 3269 aut
1152 3249 1154 3258 ι

140 3311 337 3384 immutantur,
357 3320 406 3363 aut
425 3327 473 3376 ea,
493 3311 594 3383 quibua
611 3320 752 3384 tamqnam
771 3310 926 3374 abutimur,
946 3319 996 3362 aot
1012 3327 1055 3374 ea,

141 3427 212 3478 qnae
231 3406 425 3472 obscuramus,
452 3425 523 3478 quae
541 3407 740 3461 incredibiliter
758 3407 897 3480 tollimus,
927 3421 1057 3477 quaeque

139 3495 306 3566 mirabilius,
334 3501 416 3573 quam
434 3503 563 3576 sermonis
583 3502 754 3555 consuetudo
773 3502 892 3574 patitur,
921 3511 1056 3555 ornamus.
1088 3537 1091 3544 ·

91 3595 103 3621 *
135 3597 176 3652 Ad
194 3615 278 3670 quem
296 3616 403 3651 versum
422 3597 519 3650 Noster
537 3595 667 3661 alludat,
680 3598 779 3650 frustra
794 3573 1057 3666 adhuc-duaesitum

138 3701 188 3748 eat.
224 3693 326 3745 Erasmi
345 3690 435 3764 (ubil.
451 3695 478 3756 3,
501 3688 601 3762 1‚60.)
619 3693 721 3763 opinio,
742 3707 825 3764 quam
839 3689 921 3758 vulgo
937 3709 1059 3764 sequun-

137 3795 201 3853 tur,
230 3788 364 3854 designari
382 3807 397 3840 a
415 3787 501 3839 Fabio
520 3787 616 3854 Odyse
635 3787 681 3840 VI.
702 3805 743 3856 ²9·
769 3787 843 3838 omni
865 3787 975 3862 omnino
994 3786 1058 3840 sun·

138 3868 1058 3959 ammmmmmfflmmmmmmu-

137 4083 190 4130 tur.
229 4073 386 4143 ct-Qoint.
406 4074 450 4129 ed.
471 4073 564 4148 Spald.
582 4074 646 4130 Vol.
665 4076 762 4148 lllip.
786 4077 843 4144 187.

137 3955 1058 4048 mmmmmmwmffiffiwmmmffl-

30 4726 37 4799 t
