2814 4872
568 396 650 520 105

102 593 306 676 respondere
323 595 502 680 primorum
523 596 698 659 verborum
719 594 844 658 alterna
863 593 1035 678 repetitio:
1068 628 1110 644 -·
1162 601 1165 609 ‘

103 703 224 783 tstgttas
243 716 279 764 tu
305 703 344 764 dc
362 719 475 778 nocte,
506 705 620 768 utstuis
646 703 874 766 consultoribus
897 699 1087 787 respondeas
1095 729 1108 775 ,-

100 811 171 884 itte,
193 824 230 872 ut
247 833 287 873 eo
299 858 313 885 ,
332 835 394 900 quo
407 799 532 887 tendit,
559 827 678 875 mature
699 835 769 874 curn
784 815 924 876 exercitu
937 814 1109 896 perveniat.

101 921 143 981 Te
164 920 350 999 gallorum,
381 899 469 984 illum
494 923 696 985 buccinarum
725 923 1015 994 cantusennscitat.
1059 923 1109 983 Tu

101 1028 256 1119 actionem
286 1015 449 1104 instituis,
481 1033 535 1092 itte
557 1032 656 1093 aciem
680 1031 814 1094 instruit.
859 1031 907 1120 Tu
931 1049 1040 1102 caves,
1070 1047 1112 1099 ne

101 1139 297 1198 consultores
315 1139 384 1212 tui,
414 1140 484 1212 itte,
517 1161 555 1201 ne
572 1142 662 1202 nrbes
681 1153 735 1200 aut
754 1116 856 1200 casira
874 1139 1047 1224 capiantur.
1065 1171 1108 1185 -·

99 1241 157 1304 Est
181 1254 215 1306 et
247 1244 334 1305 illud
354 1247 524 1330 repetendi
547 1270 667 1334 genus,
705 1245 795 1333 quod
819 1245 920 1311 semel
940 1243 1107 1332 proposita

102 1348 197 1415 iterat
217 1362 252 1416 et
270 1353 405 1420 dividit:

218 1575 333 1648 Iphitus
351 1590 377 1631 et
394 1579 488 1632 Pelias
506 1595 629 1646 mecum,·
655 1597 773 1652 quorum
791 1578 898 1650 iphitus
916 1595 986 1633 aevo

217 1681 284 1734 Jam
303 1683 436 1752 grauior,
455 1681 548 1736 Pelias
567 1695 593 1736 et
611 1683 730 1737 uulnere
749 1679 847 1736 tardus
868 1683 944 1737 Ulixi
960 1679 997 1749 *).

103 1876 286 1958 Ἐπάνοδος
307 1881 430 1945 dicitur
446 1905 583 1968 graece,
606 1886 711 1946 nostri
732 1887 956 1968 regressionem
976 1889 1108 1944 vocent.

104 2017 140 2033 -
159 1989 303 2052 Interim
318 1991 460 2052 varietur
476 1991 605 2052 casibus
622 1993 703 2053 haee
723 2002 755 2053 et
770 1993 942 2074 generibus
960 1989 1109 2053 iteratioe
1130 2032 1136 2053 t

106 2094 240 2178 Magnus*
259 2098 413 2160 estlabor
435 2098 587 2172 dicendi,
624 2119 736 2179 magna
760 2120 814 2159 res·
834 2113 887 2160 est.
910 2128 951 2144 ··-
971 2133 1015 2144 -
1055 2095 1119 2161 Fit«

110 2205 233 2267 casibus
262 2207 358 2268 modo
377 2205 440 2268 hoe
458 2207 612 2284 schema,
636 2205 725 2288 quod
740 2205 962 2294 noionnu‘roy
978 2213 1110 2266 vocent.

110 2308 244 2377 Constat
271 2323 303 2376 et
335 2315 405 2376 aliis
429 2315 525 2378 etiem
551 2315 664 2376 modis.
695 2349 739 2362 -·
767 2346 810 2360 —
862 2311 1111 2395 Congregantur

111 2437 241 2503 quoque
256 2424 351 2508 sertia
370 2423 708 2508 idemsignificuntia:
747 2427 834 2510 Quae
850 2444 945 2510 quum
965 2403 1009 2481 ita
1028 2421 1093 2482 sint
1098 2463 1112 2493 ,

111 2525 268 2604 Catilina,
294 2553 409 2617 perge,
438 2554 500 2620 quo
523 2534 672 2618 coepisti:
700 2531 843 2614 egredere
870 2529 1042 2617 aliquando
1068 2549 1112 2591 ex

110 2635 200 2699 urbe:
231 2651 339 2736 patent
361 2656 493 2725 portae:
521 2641 723 2729 proficiscere
743 2641 797 2716 **).
838 2640 882 2702 Et
910 2635 1112 2702 ineuntem
1155 2627 1159 2660 ³

112 2741 171 2807 alio
186 2747 292 2810 libro:
327 2747 437 2822 Abiit,
463 2752 619 2823 excessit,
648 2751 772 2834 erupit,
800 2745 985 2809 evasit***.
1007 2781 1049 2794 -
1069 2780 1113 2794 -

112 2849 253 2938 Figura,
277 2877 360 2940 quae
382 2857 671 2943 conjunctionibus
695 2865 803 2931 caret,
822 2832 991 2916 siissoluta'o
1013 2842 1113 2916 roca·

114 2967 189 3038 ture
219 2973 312 3048 apte,
352 2987 427 3026 cum
451 2965 530 3048 quid
561 2964 739 3027 instantius
767 2963 917 3024 dicimus,
966 2955 1048 3024 Nam
1080 2969 1113 3024 et

116 3066 241 3154 singula
270 3071 500 3150 inculcantur,
535 3081 568 3134 et
597 3054 690 3154 quusi
715 3071 806 3154 plura
833 3069 925 3130 fiunt.
946 3073 949 3076 ’
969 3069 1116 3151 Ideoque
1213 3079 1223 3089 ‘

116 3177 238 3241 utimur
261 3179 322 3240 hac
348 3180 449 3262 figure
473 3203 538 3242 non
565 3181 599 3241 in
622 3181 760 3264 singulis
780 3179 874 3239 modo
890 3176 1020 3254 verbio,
1055 3177 1114 3238 sed

119 3288 287 3349 sententiis
316 3289 432 3363 etiem;
465 3302 501 3352 ut
522 3289 636 3351 Cicero
665 3289 747 3350 dicit
777 3299 890 3350 contra
919 3272 1114 3346 concionem

118 3391 256 3458 Metelli:
300 3401 364 3485 Qui
383 3399 624 3472 indicabantur,
650 3421 705 3462 eos
719 3399 853 3470 uocari,
874 3394 1047 3472 custodiri,
1070 3391 1117 3454 ad

119 3519 254 3566 senatum
272 3507 392 3568 adduci
402 3511 506 3590 jussi:
539 3513 573 3571 in
594 3523 703 3570 senatu
722 3521 795 3570 sunt
809 3499 924 3611 positi.t
957 3505 1001 3566 Et
1023 3493 1113 3566 totus
1134 3572 1140 3590 ‚

43 3689 45 3704 ζ
120 3603 172 3673 hic
196 3611 300 3676 locus.
331 3649 372 3663 «-
422 3616 631 3682 Contrarium
656 3627 707 3680 est
735 3613 882 3693 schema,
920 3611 1010 3698 quod
1033 3631 1114 3674 con·
1146 3649 1149 3654 ι

153 3847 177 3918 “)
203 3851 277 3924 Virg.
295 3850 362 3906 Aen.
379 3853 416 3907 11.
433 3853 492 3926 435.

144 3942 180 4019 '*)
198 3945 284 4019 Catil.
305 3949 326 3999 1.
344 3964 376 4002 cr·
387 3949 412 4002 5.

44 4027 45 4080 ἕ
133 4034 180 4114 ι“”)
203 4031 266 4096 ‘Cat
282 4043 318 4101 11.
337 4057 360 4097 c.
379 4059 401 4100 ι.
444 4051 448 4062 ’
