2902 4866
850 427 936 502 420

392 650 470 694 reus
499 627 645 704 lectore,
677 627 760 690 fluit.
813 627 880 708 Qui
902 638 1014 690 eutem
1046 626 1178 705 scivit,
1218 645 1302 710 quae
1329 642 1395 704 quo·

393 737 507 822 que')
538 736 606 802 siut
628 736 723 798 modo
747 735 905 815 dicende,
938 734 1006 798 uici
1030 746 1154 798 tamen
1182 735 1218 798 in
1241 731 1394 817 procinctu

391 853 604 930 paratumque
632 844 674 906 ad
699 865 811 906 omues
842 863 936 906 casus
965 842 1134 906 habuerit
1165 840 1393 925 eloquentiam,
1420 866 1421 880 ι

392 953 485 1016 velut
512 952 642 1014 clausos
673 951 844 1014 thesaurus
878 951 1065 1013 incubabit.
1122 953 1203 1014 Non
1235 958 1340 1009 autern
1369 953 1395 1004 ut

393 1059 557 1142 quidquid
577 1059 753 1144 praecipue
774 1059 994 1126 necessarium·
1014 1068 1096 1136 est,
1135 1059 1189 1120 sic
1207 1056 1251 1117 ed
1271 1051 1395 1117 efficien-

392 1168 469 1228 dum
496 1175 660 1229 oratorem
687 1143 819 1227 meximi
840 1167 992 1247 protinus
1016 1167 1086 1228 erit
1115 1163 1293 1226 momenti.
1331 1159 1394 1220 Nan

307 1331 310 1338 .
390 1283 497 1352 certe,
521 1297 597 1336 cum
615 1275 658 1336 sit
672 1273 704 1334 in
721 1271 907 1356 eloquendo
921 1273 1074 1356 positum
1091 1273 1242 1336 oratoris
1257 1269 1393 1338 officium,

390 1383 496 1446 dicere
514 1393 591 1444 aute
606 1381 714 1443 omniu
733 1387 800 1444 est:
832 1388 952 1464 satque
969 1381 1053 1445 binc
1072 1383 1219 1444 initium
1244 1379 1314 1462 ejus
1331 1373 1393 1434 artis

389 1492 491 1554 fuisse
511 1490 721 1552 manifestum
739 1499 810 1565 est;
833 1491 1013 1574 proximum
1033 1491 1165 1553 deinde
1186 1489 1393 1560 imitationem,
1421 1517 1422 1556 i

390 1598 603 1662 novissimam
620 1599 781 1662 scribendi
795 1619 930 1682 quoque
944 1599 1193 1682 diligentiam)
1218 1597 1277 1660 sed
1292 1605 1328 1656 ut
1341 1611 1394 1675 per·

388 1708 506 1772 venire
530 1707 572 1769 ad
594 1728 719 1768 summa
744 1707 808 1768 nisi
830 1727 870 1768 ex
889 1707 1063 1790 principiis
1094 1729 1168 1770 non
1193 1713 1327 1791 potest,
1360 1699 1392 1756 itt

388 1814 588 1900 procedente
613 1813 677 1898 jem
703 1835 802 1899 opere
830 1811 965 1874 minima
990 1815 1168 1899 incipinnt
1196 1835 1293 1889 esse,
1326 1823 1390 1892 quat

350 1970 362 1987 .
389 1921 493 2006 prima
513 1929 600 1982 sunt.
642 1923 765 1995 Verum
785 1943 845 1983 nos
866 1943 957 2000 uon,
981 1924 1154 2004 quomodo
1176 1914 1390 1988 instituendus

284 2077 296 2090 ,
322 2119 325 2124 ,
389 2039 520 2107 orator,
552 2027 616 2090 hoc
644 2029 717 2091 loco
741 2029 898 2093 dicimus:
942 2051 1017 2091 nam
1037 2031 1072 2092 id
1089 2031 1234 2116 quidem
1256 2018 1389 2088 uutsatis
1422 2039 1423 2110 p

390 2145 447 2198 eut
468 2127 561 2200 certe
575 2139 624 2200 uti
642 2137 811 2222 potuimus
827 2137 952 2202 dietum
975 2147 1044 2200 est:
1079 2137 1315 2210 sed'ethleta,
1346 2122 1388 2211 qni
1422 2133 1423 2200 i

391 2265 504 2308 omnes
526 2241 589 2328 jam
608 2245 861 2330 perdidiceritu
888 2257 1099 2331 praeceptore
1121 2265 1305 2318 numeros,
1337 2252 1387 2320 qu⁰
1422 2223 1423 2240 Χ

391 2372 520 2436 genere*
535 2343 778 2454 exercitationis
803 2353 843 2415 ud
866 2354 1043 2416 certamina
1071 2351 1325 2439 praeparandus
1348 2343 1386 2406 sii·

391 2461 497 2546 igitur
511 2483 603 2539 eum,
627 2462 685 2546 qui
698 2483 750 2524 res
768 2461 916 2525 invenire
933 2471 966 2526 et
986 2460 1164 2546 disponere
1183 2463 1283 2536 sciet,
1306 2453 1387 2517 verba

393 2589 526 2652 quoque
543 2576 575 2629 et
595 2568 737 2650 eligendi
757 2581 789 2631 et
809 2569 994 2632 collocandi
1013 2557 1177 2633 rationem
1201 2559 1385 2654 perceperit,

392 2675 613 2750 instruamus,
647 2697 710 2758 qua
737 2678 885 2752 ratione,
920 2699 1003 2758 quae
1031 2677 1150 2741 didicit
1182 2679 1253 2760 '')',
1293 2675 1385 2734 facere

393 2803 490 2867 quarn
507 2781 652 2866 optime,
677 2802 775 2865 quam
793 2782 949 2874 faciliime
967 2789 1080 2868 possit.

413 2911 417 2918 ·
454 2893 539 2954 Num
567 2913 643 2976 ergo
672 2891 807 2955 dubium
833 2903 899 2970 est,
934 2894 1013 2976 quin
1043 2893 1081 2956 ei‘
1100 2863 1194 2958 ieiut
1224 2912 1305 2978 opes
1331 2883 1385 2948 sint

393 3001 553 3088 quaedam
569 3002 758 3085 parandae,·
789 3003 907 3088 quibus
927 3003 1070 3086 ubique,
1106 2991 1384 3088 cumquedeside·

332 3109 338 3120 ⁸
392 3111 599 3190 rutumerit,
632 3111 735 3194 possit
765 3133 782 3174 e
811 3112 995 3176 constantia
1025 3133 1095 3174 esse
1120 3115 1217 3197 copia
1237 3127 1341 3174 rerum
1357 3115 1384 3159 αθ

393 3219 559 3284 verborum
580 3219 652 3292 m).
693 3219 757 3282 Sed
781 3220 1005 3304 respropriae
1029 3229 1106 3280 sunt
1131 3219 1296 3305 cujusque
1319 3229 1383 3274 cau·

395 3350 449 3391 sae
480 3337 536 3388 aut
561 3327 674 3410 paucis
703 3347 911 3389 communes:
948 3323 1047 3389 verbe
1074 3328 1107 3390 in
1135 3329 1309 3390 universas
1337 3339 1382 3404 pa·

393 3437 506 3502 reuda.
559 3439 650 3516 Quae
679 3435 708 3498 si
740 3436 773 3498 in
805 3437 902 3498 rebus
930 3421 1066 3519 singulis
1096 3447 1206 3499 essent
1243 3428 1379 3517 singula,

366 3581 373 3601 ι
394 3544 554 3608 minorem
578 3566 689 3607 curem
716 3529 940 3627 postularent:
978 3538 1060 3606 num'
1078 3553 1198 3606 cuncta
1222 3563 1295 3608 sese
1318 3547 1380 3600 cum

395 3696 747 3714 m

441 3787 467 3859 ²)
486 3790 552 3842 Alii:
570 3793 685 3868 scierit,
704 3810 759 3860 quo
775 3809 911 3865 quaeque.

428 3881 468 3953 “)
485 3883 553 3936 Alii:
572 3905 627 3958 quo
643 3887 675 3938 in
691 3889 838 3950 oratione,
865 3885 942 3959 quod
954 3884 1097 3949 didicerit.

340 4029 345 4038 ,
412 3977 465 4051 Μ’)
483 3977 552 4032 Alii:
570 3982 672 4050 quibus
689 3984 749 4046 uti,
775 3982 932 4058 ubieunque
947 3984 1002 4038 des.
1017 3986 1084 4051 erit,
1112 3985 1214 4059 pouit?
1249 3985 1379 4038 Eaecon·

482 4084 560 4129 stunt
575 4075 663 4146 copia.
