2890 4866
298 676 431 739 dicente
459 698 525 738 non
554 685 702 738 vacasset
734 674 813 753 tibi,
849 683 957 757 partes
982 671 1124 734 intueri:
1161 669 1244 733 adeo
1271 679 1305 734 tc

299 806 425 847 summa
439 783 618 867 rapuisset:
642 792 675 846 et
691 784 760 845 fere
776 803 860 866 quae
876 780 1001 863 impetu
1016 781 1170 864 placent,
1192 779 1304 844 minus

299 901 466 975 praestant
485 891 525 952 ad
543 913 676 953 manum
691 890 803 952 relata.
835 884 907 950 sed*
915 887 998 948 illud
1016 905 1148 970 quoquc
1164 887 1305 948 multum

298 979 368 1076 est,
401 999 518 1082 'primo
536 1008 672 1083 aspectu
694 998 808 1060 oculos
838 1015 1039 1080 occupasse,
1069 995 1197 1058 etiamsi
1223 975 1307 1058 con-

297 1083 469 1192 templatio
489 1107 628 1190 diligens
648 1107 823 1176 inventura
839 1118 907 1183 est,
930 1105 1019 1189 quod
1037 1114 1159 1188 arguat.
1201 1105 1236 1166 si
1254 1125 1306 1167 me

297 1216 499 1298 interrogas,
540 1215 643 1301 major
676 1216 733 1277 ille
764 1225 833 1293 est,
869 1215 927 1298 qui
954 1213 1130 1298 judicium*
1150 1213 1305 1292 abstulit,
1365 1243 1371 1252 ·

298 1345 399 1405 quam
419 1324 476 1405 qui
496 1325 626 1384 meruit·
668 1327 711 1385 Et
732 1323 800 1385 scio
824 1321 913 1384 hunc
935 1323 1091 1384 tutiorem
1113 1342 1200 1384 esse:
1234 1319 1307 1382 scio

297 1430 455 1493 audacius
485 1431 546 1510 sibi
572 1430 612 1492 de
638 1432 750 1492 futuro
779 1429 979 1514 promittere.
1030 1429 1145 1490 Oratio
1173 1427 1307 1490 solicita

299 1537 529 1627 philosophum
547 1529 612 1598 uon
628 1539 733 1600 decet.
756 1539 818 1604 Ubi
835 1536 1046 1600 tandemerit
1063 1536 1158 1598 sortis
1175 1547 1208 1598 ct
1224 1557 1308 1598 con·

298 1657 409 1721 stans,
449 1646 507 1707 ubi
533 1645 719 1730 periculum
748 1646 799 1706 sui
827 1646 945 1723 faciet,
983 1643 1041 1726 qui
1073 1644 1165 1705 timet
1185 1641 1308 1705 verbal

254 1781 258 1786 ·
294 1755 458 1830 Fabianus
479 1775 544 1816 non
572 1763 642 1814 erat
665 1753 832 1835 negligens
863 1737 896 1813 ii]
925 1753 1097 1828 oratione,
1129 1751 1186 1813 sed
1208 1773 1307 1813 secu-

297 1885 372 1924 rus:
406 1862 518 1944 itaque
547 1861 629 1921 nihil
662 1861 808 1924 invenies
834 1860 1010 1922 sordidum.
1061 1862 1177 1922 Electa
1203 1861 1306 1921 verba

292 1959 395 2046 suut,
426 1991 492 2029 non
525 1968 669 2052 captata:
714 1991 775 2029 nec
803 1965 900 2051 hujus
925 1969 1049 2029 saeculi
1072 1990 1162 2029 more
1187 1967 1306 2030 contra

299 2088 448 2140 naturam
475 2099 564 2141 suam
592 2076 699 2160 posita
724 2088 757 2139 et
788 2076 939 2151 inversa;
979 2076 1150 2160 splendida
1171 2085 1304 2154 tamen,

299 2186 640 2268 quamvissumantur
658 2207 675 2246 e
695 2184 816 2245 medio:
851 2205 966 2246 sensus
989 2183 1145 2245 honestos
1166 2193 1199 2244 et
1216 2205 1306 2266 mag-

299 2293 413 2354 nificos
433 2294 574 2367 habeut,
598 2314 664 2354 non
683 2281 815 2354 coactos
838 2293 871 2352 in
894 2291 1103 2368 sententiam,
1128 2291 1185 2352 sed
1202 2291 1303 2353 altius

299 2400 426 2463 ductos.
469 2400 680 2474 Videbimus,
714 2399 794 2482 quid
819 2421 932 2482 parum
957 2399 1100 2461 recisum
1122 2399 1185 2474 sit,
1221 2397 1304 2480 quid

297 2527 412 2592 parum
430 2515 612 2582 structum,
652 2507 733 2588 quid
753 2528 818 2567 non
843 2505 940 2590 hujus
960 2506 1105 2569 recentis
1121 2506 1302 2592 polituraea

300 2633 376 2675 cnm
395 2595 670 2694 ¹circumspexeris
698 2616 827 2691 omnia,
863 2614 969 2676 nullas
989 2615 1114 2698 videbis
1135 2615 1302 2697 angustias

300 2719 424 2780 inanes.
467 2720 560 2780 Desit
579 2741 656 2780 sane
679 2721 817 2804 uarietas
840 2742 1054 2798 marmorum,
1076 2730 1110 2784 'et
1128 2721 1304 2783 concisura

300 2847 458 2909 aquarum
477 2827 639 2888 cubiculis
655 2826 932 2905 interfluentium,
955 2838 987 2891 et
998 2814 1151 2912 pauperis
1164 2829 1248 2892 cella
1261 2831 1302 2910 *),

300 2943 333 2996 et
356 2933 517 3016 quidquid
543 2935 633 2997 aliud
656 2935 806 3013 luxuria,
832 2958 895 2997 non
913 2937 1206 2999 contentudecorc
1224 2937 1304 2998 sim-

299 3041 398 3126 plici,
421 3021 552 3106 misceti
583 3045 672 3128 quod
690 3044 756 3104 diei
773 3043 875 3121 solet,
898 3045 1010 3105 donans
1031 3058 1188 3106 recteest.
1230 3043 1303 3107 Ad·

299 3148 365 3235 jice
383 3173 492 3227 nunc,
517 3153 607 3234 quod
630 3153 670 3214 de
691 3142 931 3235 compositione
950 3175 1014 3214 non
1033 3163 1173 3215 constat.
1218 3151 1300 3232 Qui·

300 3257 375 3328 (lam
396 3259 486 3318 illam
512 3259 629 3319 volunt
654 3259 724 3321 esse
748 3281 785 3321 cx
805 3242 938 3321 horrido
954 3271 1134 3342 comptam:
1167 3260 1303 3344 qnidam

271 3346 274 3356 ¹
301 3386 407 3450 usque
423 3389 460 3428 eo
484 3388 596 3450 aspera
614 3368 769 3450 gaudent,
792 3369 965 3447 cleliam,
988 3390 1072 3451 quae
1092 3368 1225 3428 mollius
1247 3389 1304 3429 ca-

285 3513 296 3548 b

303 3544 669 3562 Ἥ

345 3649 374 3724 Ἷ
391 3652 521 3706 Dividere
535 3644 620 3723 aquas
635 3670 683 3724 per
699 3652 818 3706 minutos
834 3652 944 3706 canales
958 3652 988 3706 in
1003 3654 1213 3708 coenatiouibus
1226 3672 1307 3727 prac-

388 3749 480 3807 sertim
498 3737 613 3802 aestivis¹
623 3750 734 3801 Romani
753 3758 963 3803 consueverunt.
1001 3750 1040 3802 uf.
1055 3751 1146 3804 Senes.
1161 3752 1203 3803 De
1219 3752 1307 3804 Tran-

390 3844 458 3916 quil.
472 3845 553 3895 anim.
571 3861 593 3897 c.
613 3861 633 3898 ι.
662 3845 758 3916 «Quid
772 3845 947 3916 perlucentes
963 3845 1095 3898 adimam
1111 3863 1196 3917 aquas
1210 3856 1238 3919 ct
1254 3846 1307 3899 cir·

291 3967 297 3974 ·
380 3924 822 4011 ‘cumllucntesipsaconvivial»
843 3969 875 3979 -
910 3941 1045 4011 Pauperis
1062 3942 1135 3995 cella
1152 3941 1307 3996 secundum

388 4033 511 4101 lipsium
530 4031 690 4088 distinctum
712 4033 795 4087 luisse
817 4035 925 4109 videtur
943 4036 1123 4104 cubiculum,
1155 4036 1205 4090 ubi
1223 4036 1308 4092 cartis

324 4121 328 4146 ¹¹
388 4123 487 4180 diebus
499 4145 650 4200 pauperum
663 4131 749 4183 instar
762 4130 918 4186 coenabant
931 4131 1038 4189 divites.
