2902 4866
784 377 958 464 tasff

322 596 360 650 nt
376 606 442 648 non
462 585 504 646 sit
522 584 646 649 dandus
668 594 700 648 et
717 587 868 669 fortunae
884 588 998 665 locus,
1023 608 1108 648 cum·
1123 607 1234 672 saepe
1253 591 1355 653 etiam

322 695 454 777 scriptis
476 715 534 770 ea,
559 698 642 777 q'uae
656 695 770 757 subito
791 705 866 754 nata
883 707 977 772 sunt,
1001 693 1242 780 inserantur..
1258 697 1365 796 Ideo-'

324 825 388 887 que
408 812 515 865 totum
532 803 600 864 hoc
615 801 859 864 exercitationis
884 825 985 884 genus
1011 802 1057 865 ita
1088 803 1355 882 instituendum

323 923 394 987 est,
422 920 459 970 ut
481 920 513 972 et
535 909 667 993 degredi
691 931 731 972 ex
758 929 806 992 eu¹
820 922 852 972 et
874 909 1001 993 regredi
1024 911 1056 970 in
1081 911 1121 970 id
1145 913 1256 975 facite
1277 935 1355 996 pos·

323 1019 435 1082 simus.
484 1019 564 1081 Nam
590 1031 626 1081 ut
647 1020 788 1101 primum
810 1030 880 1095 est,
909 1018 1006 1079 domo
1035 1018 1163 1081 afferre
1196 1033 1354 1103 paratam

324 1127 456 1190 dicendi
481 1128 608 1210 copiam
636 1137 668 1188 et
699 1137 838 1203 certam,
877 1126 942 1203 itu,
990 1128 1143 1190 refutare
1184 1130 1352 1212 temporis

323 1259 478 1315 munera,
509 1237 604 1318 longe
623 1235 853 1296 stultissimum
876 1245 934 1296 est.
980 1239 1090 1336 Quare
1115 1237 1291 1318 cogitatio
1316 1237 1350 1298 in

322 1345 385 1406 hoc
407 1353 638 1428 praeparetur,
662 1351 698 1401 ut
716 1361 774 1402 nos
791 1343 924 1402 fortuna
942 1340 1095 1423 decipere
1121 1365 1200 1410 nou
1223 1345 1351 1427 possit,

323 1451 477 1536 adjurare
497 1449 609 1532 possit.
654 1448 690 1511 ld
715 1459 822 1512 autem
846 1449 902 1512 fiet
924 1450 1099 1511 memoriae
1122 1451 1281 1527 viribus,
1314 1463 1351 1514 ut

323 1559 398 1637 illa,
438 1579 522 1640 quae
558 1547 718 1641 co'mplexi
753 1557 861 1620 auimo
885 1578 1024 1647 sumus,
1058 1555 1174 1620 fluant
1205 1581 1349 1635 secura¹

324 1673 390 1730 non
419 1666 567 1730 solicitos
598 1687 636 1728 ao
666 1664 881 1747 respicientes
915 1674 948 1728 et
974 1687 1040 1726 nna
1068 1689 1131 1748 spe
1159 1688 1347 1750 suspensos

322 1775 560 1838 recordationis
591 1795 657 1834 non
686 1775 796 1835 sinant
824 1773 1015 1856 providere:
1046 1773 1181 1858 alioqui
1211 1777 1268 1837 vel
1294 1797 1349 1838 ex·

282 1903 284 1908 ’
323 1883 537 1966 temporalem
551 1882 767 1947 temeritatem
780 1882 876 1959 malo,
892 1903 989 1964 quam
1002 1881 1086 1944 rnaie
1100 1864 1347 1946 cohaerentem

327 1991 570 2076 cogitationem.
615 1991 715 2075 Pejus
740 1991 827 2053 enim
851 1989 1020 2071 quaeritur
1031 2001 1234 2069 retrorsus,
1268 1989 1345 2072 quia

247 2171 251 2187 ἱ
325 2098 402 2161 dum
430 2091 486 2160 iila
514 2080 757 2189 desideramus,
790 2100 829 2158 ab
854 2096 927 2158 aliis
951 2098 1134 2170 avertimur
1164 2111 1201 2164 et
1223 2122 1265 2161 ex
1281 2119 1344 2158 me·
1435 2097 1436 2122 *

325 2208 428 2269 moria
450 2209 561 2292 potius
590 2208 790 2291 repetimus,
836 2225 934 2288 quum
963 2221 1002 2267 ex
1031 2208 1184 2270 materia.
1239 2183 1342 2268 Pium

325 2329 405 2380 sunt
436 2329 567 2395 autem,
606 2319 633 2383 si
672 2328 850 2399 utrumque
878 2315 1102 2397 quaerendum
1137 2326 1213 2396 est,
1259 2333 1342 2399 quae
1433 2333 1434 2340 ¹

325 2427 466 2492 inveniri
488 2437 650 2512 possunt,
684 2447 782 2509 quam
804 2446 888 2508 quae
910 2410 1044 2488 inventa
1064 2434 1157 2486 sunt.

1015 2589 1025 2622 l

768 2615 791 2694 S·
835 2617 886 2680 78.

534 2747 582 2808 De
603 2745 790 2832 judicandis
813 2745 952 2807 aliorum
975 2747 1119 2829 scriptis.

317 2889 330 2990 J
368 2903 484 2976 Dionys.
503 2905 597 2986 natu.
622 2877 729 2978 ’(ιιιιι.
745 2921 771 2962 c.
786 2922 823 2958 ιι.
839 2904 901 2961 vu.
918 2905 950 2960 v.
967 2923 993 2976 p.
1008 2906 1058 2974 395
1072 2922 1152 2976 seqq.
1167 2901 1274 2958 ιαμ.
1284 2899 1296 2968 )

554 3051 659 3134 Περὶ
681 3052 818 3134 λόγων
842 3029 1096 3126 έξετάσέως.

387 3185 424 3248 '0
446 3185 602 3269 μέγιστος
623 3179 773 3256 κίνδυνός
791 3183 866 3245 ἐστι
884 3183 940 3242 καὶ
959 3183 1020 3265 νέῳ
1038 3182 1154 3265 καὶμὴ
1176 3183 1239 3264 νέῳ
1258 3174 1331 3257 περὶ

307 3269 386 3367 Ιτὴν
404 3298 469 3356 τῶν
487 3295 592 3375 λόγων
609 3293 727 3372 κρίσιν.
749 3301 826 3363 ταῖς
843 3291 906 3374 γὰρ
923 3291 1094 3373 ἡμετέραις
1114 3290 1233 3364 dodam
1251 3286 1330 3366 δίχα

326 3402 507 3483 ἐπιστήμης
533 3379 603 3470 εἰκῆ
624 3399 681 3460 καὶ
705 3399 926 3478 ἐπαινοῖ-μεν,
959 3396 981 3457 οἳ
1009 3397 1125 3480 ἔτυχεν
1149 3398 1326 3462 ἑκάστοτε,

325 3513 383 3574 καὶ
404 3511 553 3592 ψέγομεν.
596 3507 653 3569 καὶ
688 3508 747 3570 διὰ
782 3513 886 3568 τοῦτο
915 3507 1092 3588 συμβαίνει
1126 3509 1244 3566 ταῦτα
1272 3496 1326 3559 καὶ

288 3643 292 3650 ’
326 3597 546 3682 έπαινεῖσθαι
574 3595 630 3677 aiut
651 3617 837 3698 ψέγεσθαι·
872 3615 909 3675 οὗ
933 3617 1033 3696 μόνον
1054 3613 1178 3674 ἄλλοτε
1200 3604 1324 3669 ὑπ’ἅλν

239 3793 243 3802 ,
325 3731 410 3818 itaer,
435 3729 523 3788 ἀλλὰ
541 3727 597 3788 teni
618 3727 731 3788 ταύτὰ
753 3725 818 3786 ὑπὸ
836 3729 902 3787 τῶν
924 3724 1033 3784 αὐτῶν
1056 3721 1139 3783 ποτὲ
1156 3720 1216 3803 μέν
1235 3717 1323 3783 tnui·

158 3869 160 3880 ·
241 3825 242 3830 ἵ
325 3838 485 3909 νεῖσθαι,
516 3822 601 3910 croit
625 3833 660 3894 δὲ
683 3833 860 3915 ψέγεσθαι.
904 3831 1013 3914 ὥσπερ
1038 3832 1101 3912 γὰρ
1130 3829 1161 3891 oi
1193 3825 1319 3901 ἄπειροι
1378 3905 1379 3912 ¹

324 3949 387 4005 τοῦ
405 3943 551 4026 ἀριθμοῦ
566 3941 725 4002 οὐδέποτε
743 3938 790 4000 τα*
808 3936 898 4000 αὐτοὶ
913 3937 988 4018 περὶ
1004 3944 1071 3998 τῶν
1089 3938 1201 3998 αὐτῶν.
1214 3931 1318 4006 λέγον·

326 4073 401 4125 σιν,
433 4049 510 4111 οὔτε
530 4048 610 4130 πρὸς
626 4047 807 4122 ἀλλήλους,
840 4047 917 4108 οὔτε
935 4045 1016 4128 πμὸς
1036 4045 1173 4116 ἄλλους·
1206 4025 1315 4098 utt’t
