2902 4866
845 340 931 418 454

383 549 471 604 esset
485 539 626 632 pictum,
650 539 714 602 nisi
730 560 812 624 qnae
828 537 933 602 linens
948 536 1046 600 mode
1061 544 1220 598 extremas
1238 536 1401 618 umbrae,

384 669 484 732 quom
503 669 641 731 corpora
660 649 694 710 in
712 649 782 710 solc
800 647 973 723 fecissent,
997 645 1295 708 circumscriberet.
1346 651 1402 707 Ac
1447 727 1448 730 Ἴ

384 756 410 818 si
438 756 547 818 omnir
572 739 788 840 percenseas,
821 757 912 818 nulla
938 755 981 816 sit
1008 775 1083 830 ers,
1116 753 1222 836 qualis
1257 753 1403 816 inventa

385 873 452 940 est,
476 887 541 926 nec
554 865 641 926 intre
657 865 790 927 initium
809 865 917 927 stetit:
943 861 1007 948 nisi
1025 864 1111 924 forte
1130 873 1240 924 nostra
1257 864 1403 946 potissi·

385 995 474 1034 mum
496 985 644 1058 tempore
661 973 856 1036 damnamus
873 970 970 1064 hpjus
989 972 1217 1048 infelicitatisj
1250 983 1289 1033 nt
1305 993 1402 1033 nunc

386 1079 518 1144 demum
545 1089 673 1144 crescit
700 1081 794 1158 nihil.
837 1081 926 1144 Nihil
951 1093 1061 1144 nutem
1084 1080 1204 1142 crescit
1233 1079 1305 1140 sola
1325 1079 1403 1140 imi-

387 1188 522 1251 tatione.
566 1189 691 1267 Quodsi
705 1189 869 1272 prioribus
888 1187 1031 1272 adjicere
1049 1191 1097 1278 fos
1116 1209 1182 1249 non
1204 1197 1278 1265 est,
1315 1210 1404 1271 quo-

386 1295 483 1356 modo
514 1315 645 1376 sperare
669 1316 845 1382 possumus
872 1295 964 1355 illum
988 1306 1152 1357 oratorem
1186 1295 1402 1379 perlectum?

387 1399 516 1464 cumin
536 1401 612 1478 his,
635 1423 717 1486 quos
737 1403 892 1464 maximos
911 1402 1018 1464 adhuc
1038 1401 1208 1479 novimus,
1235 1423 1339 1463 nemo
1361 1402 1401 1463 sit

387 1506 569 1585 inventos,
588 1510 624 1572 in
646 1532 713 1598 quo
734 1510 816 1572 nihil
834 1521 892 1572 aut
911 1496 1118 1572 desideretur
1138 1519 1195 1570 sut
1216 1509 1401 1593 reprehen-

389 1614 495 1678 datur.
537 1617 600 1679 Sed
618 1619 735 1692 etium,
768 1617 826 1701 qni
846 1631 1062 1706 summnflnon
1083 1628 1238 1702 appetent
1256 1629 1401 1682 conten·

389 1723 466 1788 dere
491 1725 601 1809 potius
627 1727 725 1808 qnam
752 1724 1015 1808 sequi'debent.·
1049 1726 1130 1786 llam
1157 1725 1214 1806 qui
1238 1725 1329 1807 ogit,
1366 1735 1400 1786 nt

388 1832 482 1917 prior
497 1833 559 1908 sit,
583 1834 721 1895 forsitan
743 1833 861 1911 etiam,
886 1831 912 1892 si
932 1853 997 1892 nou
1016 1831 1201 1908 transierit,
1231 1833 1398 1915 aequabit.

388 1939 474 2002 Eum
498 1962 576 2004 vero
602 1963 697 2004 nemo
726 1951 835 2024 potest
862 1961 1021 2024 sequare,
1057 1937 1151 2024 cujus
1167 1939 1317 2024 vestigiis
1339 1941 1397 2002 sibi

296 2063 302 2072 “
391 2047 508 2131 utique
531 2047 749 2111 insistendum
771 2058 875 2134 putet.
918 2049 1058 2110 Necesse
1084 2057 1133 2110 est
1158 2048 1245 2110 enim
1269 2069 1397 2131 semper

391 2155 435 2218 sit
467 2155 649 2238 posterior,
677 2156 735 2239 qui
765 2157 926 2239 seqnitur.
980 2155 1072 2216 ndde
1095 2155 1183 2239 quod
1201 2157 1396 2240 plerumque

396 2261 527 2326 lucilius
547 2271 620 2342 est,
655 2257 729 2348 plus
754 2266 863 2326 facere
885 2283 980 2345 quom
1001 2262 1097 2323 idem.
1148 2265 1289 2324 Tantam
1312 2263 1395 2326 enim

393 2369 620 2434 difficultatem
640 2370 739 2438 habet
760 2370 960 2449 similitudo,
984 2380 1022 2432 ut
1045 2393 1086 2432 nc
1107 2370 1175 2454 ipsa
1194 2373 1328 2454 quidem
1347 2395 1397 2434 ns·

392 2488 467 2540 turs
493 2477 527 2538 in
545 2479 609 2538 hoc
630 2476 676 2541 ite
697 2480 874 2555 evaluerit,
896 2489 934 2541 ut
956 2499 1023 2539 non
1042 2499 1093 2540 res
1115 2479 1394 2562 simplicissimae,

393 2605 545 2669 quaeque
567 2603 658 2667 peres
680 2585 817 2646 maxime
841 2586 1035 2664 rideantur,
1069 2585 1186 2668 utique
1207 2587 1395 2648 discrimine

392 2692 502 2775 aliquo
530 2675 799 2753 ‘discernamus
835 2691 947 2769 Adde,
987 2693 1077 2775 quod
1112 2694 1275 2776 quidquid
1305 2667 1394 2757 alteri

393 2799 499 2862 simile
526 2809 575 2862 est
600 2805 734 2862 necesse
760 2803 809 2862 cs't
834 2803 942 2862 minus
967 2801 1011 2862 sit
1036 2822 1075 2862 eo
1085 2848 1095 2886 7
1131 2801 1219 2892 quod
1240 2802 1395 2880 imitatur,
1445 2789 1446 2792 ¹

392 2918 430 2972 ut
450 2909 563 2972 umbra
583 2887 719 2992 corpore
747 2919 779 2972 ct
800 2907 903 2994 imago
926 2910 1010 2972 facie
1032 2918 1065 2972 et
1089 2919 1182 2972 actus
1200 2909 1394 2973 histrionum

479 3140 548 3215 quid
562 3141 673 3207 dicant,
702 3159 785 3194 unam
801 3142 913 3198 dicendi
928 3141 1040 3196 leudem
1055 3150 1155 3212 putant
1170 3161 1248 3208 esse,
1279 3143 1393 3197 brevitu-

480 3247 539 3288 tem.
576 3235 734 3296 Psullnlnm
755 3255 784 3289 se
803 3237 907 3301 erexit,
941 3245 969 3290 et
990 3237 1098 3289 addidit
1120 3237 1249 3290 historiae
1272 3241 1392 3306 majorem
1444 3249 1445 3337 p

479 3347 576 3386 sonum
601 3331 682 3388 vocis·
706 3331 746 3384 vir
770 3332 905 3401 optimus,
942 3331 1030 3386 Crassi
1053 3331 1207 3397 familiaris,
1234 3335 1390 3404 ¹Antipater:

479 3426 565 3480 ceteri
580 3443 637 3480 non
654 3436 828 3480 exornatores
844 3443 950 3492 rernm,
978 3427 1026 3480 sed
1042 3427 1233 3482 tantummodo
1250 3439 1391 3485 narratores

480 3519 601 3574 suerunt.
639 3521 702 3586 En,
722 3520 815 3592 inquit
828 3521 961 3587 Catulus,
982 3531 1014 3576 ut
1028 3522 1112 3574 dicis:
1131 3522 1180 3590 sed
1194 3523 1246 3578 iste
1259 3523 1317 3594 ipse
1331 3525 1390 3576 Cae·
1443 3587 1444 3596 ἵ

478 3616 535 3672 lius
553 3633 644 3686 neque
668 3615 793 3670 distinxit
818 3615 957 3680 historiam
981 3617 1112 3673 varietate
1138 3617 1281 3683 locorum,
1309 3634 1389 3690 neque
1443 3597 1444 3657 l

478 3711 623 3768 verborum
638 3711 836 3779 collocatione3
865 3722 893 3766 et
906 3713 996 3776 tisctn
1014 3713 1144 3766 orationis
1158 3713 1232 3772 leni,
1253 3722 1282 3766 ot
1296 3729 1390 3785 aequo·

478 3806 529 3860 bili
546 3807 692 3878 perpolivit
704 3807 776 3860 illud
796 3823 879 3879 opes:
904 3808 953 3865 ssd
968 3817 1000 3862 ut
1013 3807 1096 3884 ΙΙιοιιιο
1110 3827 1201 3881 neque
1216 3809 1330 3872 doctus,
1349 3825 1389 3860 ne·
1442 3805 1443 3830 l

478 3919 534 3976 quc
562 3904 681 3960 maxime
698 3913 780 3975 eptus
806 3903 1026 3968 addicendum,
1051 3904 1125 3960 sicut
1144 3904 1253 3979 potuit,
1281 3903 1388 3970 dolavit:
1442 3959 1443 3964 ,

478 3997 545 4052 vicit
561 4006 672 4063 minen,
694 4009 725 4052 ut
739 3997 825 4063 dicis.
845 3999 1003 4070 superiores.
1020 4021 1033 4048 ι
