2942 4864
809 458 900 534 506

364 655 540 720 eouoeatio
556 653 677 736 triplex
692 662 752 716 est.
794 653 861 715 Aut
875 651 964 714 euim
981 664 1164 736 temporum
1180 651 1369 712 servandus

363 775 415 828 est
431 763 531 838 ordo,
553 773 611 824 aut
631 760 779 842 inprimis
795 760 1058 824 recentissimum
1077 757 1239 841 quodque
1258 758 1371 818 dicen·

363 871 461 947 dum,
491 881 549 932 aut
577 870 680 930 multa
706 880 741 930 et
764 868 854 930 varin
876 869 963 930 facta
988 867 1020 928 iu
1045 865 1175 948 propria
1200 865 1369 926 virtutum

363 1000 481 1062 genera
499 989 578 1038 sunt
598 975 777 1057 dirigenda.
818 975 883 1036 Sed
899 974 954 1034 hic
971 975 1065 1036 locus
1082 972 1248 1034 virtutum
1267 986 1370 1055 atque

363 1086 519 1148 vitiorum
538 1084 697 1144 latissime
721 1095 836 1165 patens
861 1103 900 1142 ex
919 1081 1030 1142 multis
1050 1092 1084 1142 et
1102 1080 1199 1140 variis
1219 1079 1372 1162 disputa·

363 1180 509 1256 tionibus
530 1213 619 1252 nnnc
645 1192 679 1250 in
706 1191 868 1272 quandam
890 1200 1059 1271 angustam
1077 1199 1110 1250 et
1125 1189 1265 1250 brevem
1286 1207 1370 1249 con·

365 1299 526 1362 cludetur.
567 1299 627 1358 Est
652 1297 751 1378 igitur
777 1297 827 1356 vis
855 1297 990 1358 virtutis
1021 1296 1157 1380 duplex:
1191 1307 1253 1358 aut
1281 1295 1371 1358 enim
1411 1376 1421 1398 Ι

365 1405 503 1468 scientia
533 1403 683 1466 cernitur
717 1403 847 1480 virtus,
882 1415 940 1465 eut
974 1404 1129 1477 actione,
1165 1403 1251 1466 Nam
1284 1423 1372 1484 quas

364 1511 555 1594 prudentia,
586 1533 671 1594 quae
696 1512 881 1588 calliditas,
917 1533 1068 1595 quaeque
1090 1510 1288 1593 gravissimo
1311 1532 1371 1572 no·

365 1620 453 1684 mine
479 1620 639 1703 sapientia
655 1619 869 1700 adpellant,
900 1621 982 1681 haec
1001 1619 1140 1680 scientia
1160 1619 1268 1702 pollet
1293 1640 1368 1678 uua.

365 1730 457 1808 Quae
491 1750 570 1790 rero
609 1727 816 1788 moderandis
853 1727 1108 1809 cupiditatibus,
1144 1727 1369 1809 regendisque

365 1835 466 1898 enimi
491 1836 632 1897 motibus
653 1834 823 1911 landatur,
854 1832 923 1917 ejus
945 1846 997 1896 est
1022 1855 1142 1896 munus
1163 1831 1198 1918 in
1220 1832 1368 1916 agendo,

366 1944 420 2004 cui
448 1943 684 2026 temperantiae
711 1963 831 2003 nomen
861 1948 920 2002 est.
970 1942 1082 2023 Atque
1108 1941 1166 2002 illu
1187 1939 1369 2024 prudentie

366 2050 400 2110 iu
423 2050 490 2111 suis
516 2050 633 2126 rebus,
669 2049 869 2124 domesticn3
909 2050 944 2110 iu
973 2049 1131 2131 publicis,
1169 2049 1281 2114 civilis
1312 2045 1370 2108 nd-

365 2158 481 2240 pellari
499 2159 593 2222 solet.
635 2159 865 2240 Temperantia
882 2168 991 2222 autem
1011 2158 1045 2219 in
1064 2178 1139 2218 suas
1161 2157 1277 2218 itidem
1296 2175 1367 2228 res,

367 2277 401 2330 et
419 2266 452 2326 iu
473 2289 663 2330 communes
688 2267 864 2329 distributa
889 2275 960 2342 est,
992 2265 1186 2348 duobusque
1207 2265 1317 2326 modis
1337 2262 1370 2322 in

367 2373 464 2436 rebus
482 2373 661 2437 commodis
679 2374 909 2446 discernitur;¹
920 2383 954 2436 et
968 2357 1022 2451 ea,
1046 2395 1130 2456 quae
1146 2373 1281 2451 absunt,
1306 2390 1369 2432 uon

368 2481 570 2564 expetendo,
606 2493 640 2544 et
667 2483 707 2542 ab
733 2482 791 2558 iis,
824 2482 964 2563 quaein
990 2491 1152 2564 potestate
1179 2491 1284 2558 suut,
1314 2479 1372 2537 ab·

368 2574 534 2650 stioendo.
580 2593 621 2652 In
652 2591 751 2652 rebus
784 2599 892 2651 nutem
923 2589 1138 2650 incommodis
1173 2599 1223 2650 est
1254 2588 1370 2653 itidem

369 2695 507 2778 duplex:
540 2719 614 2758 nam
641 2719 726 2778 quae
749 2696 956 2759 venientibus
983 2695 1076 2761 malis
1111 2697 1240 2773 obstat,
1276 2693 1370 2757 torti-

369 2804 468 2876 tudo;
502 2826 586 2886 quae
608 2803 696 2886 quod
718 2802 782 2886 jam
808 2803 922 2876 adest,
949 2804 1068 2866 tolerat
1087 2807 1283 2886 etperlert,
1315 2821 1370 2885 pt·

369 2911 486 2976 tientia
518 2912 715 2974 nominatur.
769 2915 862 2992 Quae
894 2920 1000 2972 autem
1034 2912 1114 2988 haec
1150 2933 1217 2975 uuo
1249 2927 1368 2994 genere

372 3013 623 3101 coinplectitur,
663 3019 853 3103 magnitudo
886 3020 986 3080 animi
1018 3021 1158 3096 dicitur,
1195 3018 1291 3102 cujus
1321 3024 1369 3106 est

371 3125 550 3188 liberalitas
573 3127 606 3187 in
626 3149 688 3188 usu
710 3127 889 3210 pecuniae,
920 3129 1084 3211 simulque
1110 3127 1250 3190 altitudo
1267 3118 1368 3204 animi

373 3234 409 3296 iu
426 3234 593 3316 capiendis
610 3235 826 3296 incommodis
843 3249 876 3296 et
892 3235 1028 3296 maxime
1043 3235 1190 3320 injuriiss
1205 3244 1245 3296 et
1259 3253 1366 3305 omne,

374 3342 463 3426 qnod
495 3350 546 3402 est
578 3338 647 3422 ejus
681 3341 828 3424 generis,
867 3365 983 3425 grave,
1018 3343 1185 3419 sedatum,
1216 3343 1268 3404 vel
1302 3359 1367 3402 nou

376 3450 613 3515 turbulentum.
679 3451 716 3510 ln
752 3451 981 3513 commuuione
1009 3462 1118 3512 nutem
1150 3473 1235 3533 quae
1262 3447 1368 3533 posita

376 3579 452 3642 pars
481 3566 548 3632 est,
579 3553 705 3640 justitia
729 3556 870 3635 dicitur,
892 3580 1002 3641 ‚eaque
1031 3581 1104 3641 erga
1133 3559 1212 3622 deos
1237 3557 1368 3640 religio,
1449 3565 1450 3594 ¹

378 3686 453 3748 erga
475 3674 626 3746 parentes
651 3664 778 3748 pietas,
809 3665 906 3750 vulgo
931 3675 1040 3728 autem
1060 3665 1206 3739 bonisne
1228 3662 1369 3729 *creditis

379 3770 413 3833 in
441 3772 538 3833 rebus
559 3773 658 3848 fides,
687 3771 722 3834 iu
750 3775 971 3836 moderatione
989 3773 1268 3837 animadvertendi
1287 3769 1369 3838 leni·

379 3889 446 3956 tas,
475 3877 619 3943 amicitia
643 3879 675 3941 in
695 3881 925 3944 benevolentia
945 3883 1144 3964 nominatur.
1186 3883 1296 3965 Atque
1310 3879 1369 3940 hae

349 3999 350 4004 ’
382 3984 514 4073 quidem
538 3989 677 4050 virtutes
709 3999 891 4052 cernuntur
911 3990 949 4051 -iu
976 3990 1110 4073 agendo.
1149 3992 1235 4052 Sunt
1264 3998 1370 4050 autem

384 4095 464 4160 aliae
485 4095 588 4178 quusi*
604 4095 772 4158 ministrae
794 4097 996 4182 comitesque
1011 4097 1205 4182 sapientiae:
1234 4111 1369 4181 quaram
