2890 4866
536 471 620 550 589

146 668 195 734 Ex
211 670 273 734 bac
295 671 500 755 ingeniorum
519 671 708 736 diversitate
731 681 805 734 nata
832 670 993 755 dubitatio
1013 681 1076 748 est,
1117 673 1118 680 ’

82 777 129 842 od
159 779 289 841 verbum
317 784 375 842 sit'
390 779 600 844 ediscendum·
619 781 751 867 dicturis
762 827 775 855 ,
815 803 857 842 an
885 783 954 842 cim
981 779 1076 842 nzodc

79 908 185 952 rerum
210 901 301 972 atque
330 888 474 968 ordinem
493 891 820 969 complectentium
847 888 887 950 de
913 909 978 971 quo
1006 885 1077 948 sine

82 978 181 1056 dubio
207 1017 272 1064 nnn
285 1007 402 1080 polest
421 997 455 1058 in
474 996 664 1060 universum
685 994 907 1080 pronunciari.
949 996 1030 1056 Nam
1048 991 1077 1054 si

80 1103 475 1186 memoriasnllrogetnr,
509 1114 637 1188 tempus
658 1125 724 1166 non
747 1105 870 1182 defuit,
907 1101 997 1165 nullu
1026 1121 1077 1164 me

80 1210 181 1272 velim
197 1210 318 1294 syllubu
335 1211 482 1294 cllugietz
505 1211 626 1295 alioqui
641 1213 738 1274 etiem
757 1212 898 1274 scribere
913 1211 957 1272 sit·
970 1227 1077 1290 supcr-

79 1335 231 1379 vucuum.
264 1317 366 1401 quue
384 1319 557 1402 praecipue
573 1342 589 1380 a
606 1319 714 1403 pueris
732 1318 958 1393 obtinendum,
982 1327 1077 1399 atquc

78 1405 224 1487 inbono
253 1425 525 1496 consuetudinem
547 1427 703 1490 memoria
732 1427 965 1493 exercitatione
982 1408 1078 1486 ‘redi-

77 1533 204 1618 gendn,
230 1555 271 1596 nc
289 1533 380 1595 nobis
402 1533 566 1596 discamus
586 1531 766 1616 ignoscere
805 1534 947 1615 Ideoque
970 1542 1002 1606 et
1021 1529 1077 1591 od·
1164 1514 1168 1522 ¹

79 1641 233 1717 moneri‚·
264 1652 297 1704 et
322 1639 363 1700 ud
391 1639 538 1702 libellum
566 1641 745 1724 respiscerc
776 1641 952 1719 vitiosum,
990 1631 1077 1720 quo'd

79 1747 265 1814 libertatem
282 1749 495 1832 negligentiae
514 1749 615 1826 facit,
639 1771 700 1812 nec
719 1749 890 1831 quisquam
911 1768 945 1810 se
962 1767 1077 1829 parum

80 1864 193 1922 tenere
217 1855 362 1941 judicat,
385 1857 503 1948 ¹quod,
537 1855 668 1920 ne.sibi
693 1855 840 1932 excidet,
881 1875 946 1916 uon
972 1853 1076 1914 timet.
1170 1909 1177 1919 ,

78 1966 161 2029 Inde
188 1967 393 2048 interruptus
421 1963 561 2026 actionis
589 1963 751 2046 impetus,
796 1974 829 2026 et
856 1963 1012 2024 resistens
1037 1981 1076 2020 ac

78 2073 246 2136 salebrosa
268 2072 394 2148 orutio,
418 2070 521 2153 etqui
539 2068 621 2131 dicit
642 2068 799 2133 ediscenti
818 2067 956 2144 similis,
979 2067 1077 2130 etiem

76 2167 213 2244 ornnem
228 2181 313 2258 bene
331 2179 525 2261 scriptorum
543 2177 679 2260 gretiam
697 2176 804 2259 perdit
821 2174 872 2238 vel
895 2175 959 2236 boc
982 2174 1074 2258 ipso,
1121 2203 1125 2210 ·

75 2287 166 2372 quod
197 2285 367 2369 scripsisse
393 2307 427 2346 se
457 2285 641 2358 confitetur.
683 2283 838 2346 Memoria
863 2292 971 2344 sutem
995 2281 1077 2342 facit

75 2395 177 2460 etiem
200 2392 343 2477 prompti
366 2392 487 2474 ingenii
506 2393 645 2470 sumam,
668 2402 705 2453 nt
725 2385 802 2468 illu,
824 2411 906 2472 quse
922 2389 1075 2465 dicimus,

74 2523 144 2586 non
165 2499 262 2561 domo
280 2497 448 2574 attulisse,
473 2497 529 2562 scd
546 2499 591 2562 ibi
608 2497 758 2583 protinus
775 2496 949 2581 sumpsisse
966 2494 1076 2566 videa·

72 2629 169 2672 mur:
203 2605 291 2689 quod
318 2615 351 2668 et
377 2607 497 2668 oratori
527 2615 560 2672 et
578 2606 639 2690 ipsi
661 2589 776 2670 consue
798 2604 975 2688 plurimum
995 2625 1077 2666 oon·

73 2721 149 2786 sert.
192 2715 276 2776 Nem
294 2723 326 2776 et
344 2715 445 2798 magis
465 2715 623 2794 miretur,
654 2725 687 2778 et
715 2714 823 2776 minus
848 2713 941 2776 timet
959 2710 1075 2796 judex,

74 2825 160 2905 quae
188 2835 255 2882 non
283 2830 376 2904 putat
404 2821 557 2884 adversus
588 2843 631 2907 se
650 2811 861 2906 praeparata(
900 2823 1011 2904 ltaque
1041 2820 1076 2882 in

75 2929 264 3032 actionibus
281 2928 367 2990 inter
383 2929 554 3012 praecipue
571 2929 765 2990 serrandum
781 2939 841 3005 est,
865 2923 902 2992 ut
917 2927 1077 3010 quaedam

77 3037 197 3112 etiam,
229 3057 310 3119 quae
329 3037 450 3118 optimc
469 3035 652 3113 vinximus,
686 3036 777 3098 velut
795 3035 900 3097 soluta
920 3034 1077 3097 enuncie-

75 3166 169 3228 mus,
203 3145 244 3206 'et
273 3143 490 3228 cogitantibus
524 3165 758 3231 nonnunquam
791 3151 823 3225 et
850 3141 1075 3230 dubitantibus

75 3253 202 3314 similes
230 3272 385 3333 quaerere
413 3247 612 3338 videamur,¹
638 3229 728 3334 v<pune
759 3249 939 3312 attulimus.
989 3241 1075 3332 Ergo

13 3379 17 3390 ·
73 3342 404 3443 quidsitoptimnm3
429 3359 702 3443 neminemfugit.
744 3358 777 3420 si
793 3379 869 3420 vero
887 3367 1076 3418 sutmemo-
1121 3409 1125 3417 .

13 3483 16 3506 ’
72 3469 120 3529 rin
144 3465 396 3528 neturevdurior
415 3443 496 3546 erit,
528 3476 584 3528 aut
603 3489 670 3530 uon
690 3453 919 3551 suffragabitur
933 3474 1074 3548 tempus,

74 3578 174 3640 etium
203 3574 320 3636 inutile
341 3575 402 3636 erit
421 3576 461 3638 ed
481 3577 587 3638 omniu
615 3597 649 3640 se
673 3577 773 3639 verbu
791 3575 942 3660 alligare,
973 3592 1073 3654 quum

64 3683 199 3745 ‘oblivio
220 3663 317 3742 unius
337 3669 448 3786 epr'um
468 3682 662 3768 cujuslibet,
693 3693 750 3748 aut
770 3682 947 3772 deformem
966 3679 1075 3744 haesi·

73 3793 256 3868 tutionem,
299 3787 486 3874 autetiam
513 3787 678 3869 silentium
710 3789 865 3874 inducut3
906 3789 1073 3872 tutiusque
1166 3869 1169 3876 Ι

30 3905 31 3912 ’
73 3891 201 3976 multo}
236 3882 477 3983 comprehensis
497 3887 607 3988 enirno
631 3900 726 3964 rebus
755 3896 857 3981 ipsis,
887 3896 1072 3980 libertatem

43 4005 137 4068 ''sibi
172 4005 346 4090 eloquendi
377 4007 571 4091 relinquere.
626 4009 707 4071 tum
737 4017 770 4070 et
807 4005 930 4070 invitus
966 4001 1073 4088 perdit

74 4115 213 4199 quisque
229 4112 276 4194 id,
299 4115 385 4198 qnod
402 4114 554 4200 elegerat,
577 4115 729 4180 'verbnmz
752 4134 814 4176 neo
829 4111 926 4188 facile
941 4108 1072 4212 reponit
