2902 4866
825 364 909 440 tto
988 429 992 438 .

1097 483 1108 514 l

370 577 427 628 nut
453 563 629 644 dicendum
657 562 726 647 ropi
753 565 863 648 aliquo
888 571 1062 624 momento
1092 559 1256 643 temporis
1281 554 1378 638 possit.
1418 614 1419 630 χ

369 672 536 756 Siquidem
562 673 596 732 C.
621 672 727 734 Carbo
755 673 853 735 etiam
875 673 909 734 in
930 665 1161 732 tabernaculo
1183 665 1307 728 solebat
1329 660 1380 720 bac
1418 701 1419 704 =

370 779 420 842 uti
444 779 684 854 exercitatione,
701 780 843 844 dicendi.
883 781 932 844 lle
957 777 990 842 id
1016 777 1167 861 quidem
1196 771 1381 842 tacendum,

371 887 461 970 quod
482 887 587 950 eidem
609 887 761 950 Ciceroni
777 889 885 971 placet
908 887 959 964 '),
994 885 1139 948 nullum
1163 894 1314 945 nostrum
1338 897 1384 936 us·

296 989 301 997 “
370 1019 470 1078 quum
492 998 711 1080 negligentem
737 1019 807 1062 esse
834 1019 1039 1060 sermoneme
1075 985 1255 1079 quidquid
1278 990 1383 1071 loque·

303 1144 308 1163 t
372 1126 445 1166 mur
464 1104 675 1188 ubicunqne,
708 1107 752 1168 sit
778 1128 838 1190 pro
856 1127 915 1168 saa
936 1104 1074 1168 scilicet
1098 1105 1263 1188 portione
1278 1097 1387 1184 perfec·

372 1221 451 1273 tum.
493 1212 713 1275 scribendum
737 1224 826 1276 corte
855 1235 1027 1297 nunquam
1054 1222 1112 1275 cst
1147 1211 1274 1295 magis,
1300 1225 1386 1290 qum

372 1341 447 1382 cum
465 1319 569 1380 multa
587 1319 735 1382 dicemus
757 1329 969 1403 extempore.
1011 1323 1062 1384 lta
1091 1320 1188 1383 enim
1212 1314 1387 1380 servabitur

370 1423 499 1510 pondus
526 1434 560 1488 et
587 1425 741 1505 innatans
770 1425 827 1487 illa
848 1429 1023 1490 verborum
1045 1427 1203 1490 facilitas
1231 1425 1266 1484 in
1295 1421 1385 1482 altum

370 1532 566 1596 reducetur:
601 1535 688 1596 sicut
709 1534 826 1598 rustici
842 1537 1004 1618 proximas
1026 1537 1111 1598 vitis
1131 1523 1269 1596 radices
1289 1547 1385 1609 ampu·
1419 1589 1420 1592 ,

372 1651 464 1718 tent,
496 1665 580 1724 quae
601 1642 745 1703 illumin
764 1644 1051 1726 summumsolum
1066 1643 1229 1715 ducant,
1264 1633 1385 1698 utini·

308 1727 319 1738 l
371 1749 474 1812 riores
495 1751 627 1832 penitus
647 1750 879 1812 descendendo
900 1752 1083 1814 firmentur.
1132 1744 1323 1814 ameneio
1340 1763 1384 1815 on,

373 1857 400 1916 si
426 1867 605 1941 utrumque
626 1879 702 1918 cum
726 1877 805 1919 cura
829 1871 862 1922 et
880 1859 989 1922 studio
1006 1834 1220 1934 fecerimus,
1252 1851 1385 1914 invicem

211 1959 243 1990 ‘'
312 2037 319 2052 ·
371 1964 498 2048 prosit,
542 1973 580 2024 ut
610 1964 785 2026 scribendo
812 1965 960 2028 dicamus
987 1965 1214 2048 diligentius,
1252 1951 1385 2022 diceudo

372 2072 553 2134 scribamus
569 2072 710 2134 facilius.
747 2073 967 2135 Scribendum
979 2095 1068 2156 ergo,
1092 2071 1237 2156 quoties
1252 2061 1382 2130 licebilt

260 2169 263 2178 ’
373 2177 400 2238 si
425 2179 458 2242 id
475 2201 541 2240 non
562 2180 716 2256 dabitur,
749 2181 982 2264 cogitandum:
1014 2181 1225 2280 olfftroque
1248 2167 1381 2241 exclusit

374 2288 496 2351 debent
521 2299 630 2350 tamen
660 2289 765 2350 anniti
777 2299 794 2368 ‚'
819 2301 857 2352 ut
876 2309 984 2371 neque
1003 2267 1238 2392 deprelrgnsus
1257 2290 1382 2348 oratori

376 2419 486 2480 neque
512 2396 657 2480 litigator
680 2397 859 2462 destitutus
887 2419 958 2460 esse
977 2397 1139 2460 rideatur.
1188 2397 1383 2469 Plerumque
1420 2448 1421 2484 g

378 2518 488 2590 autern
505 2505 608 2568 multa
627 2506 798 2589 agentibus
822 2506 962 2582 accidit,
985 2514 1023 2566 ut
1040 2508 1182 2568 maxime
1203 2491 1383 2566 necessaria
1420 2489 1421 2494 '

377 2624 410 2676 et
434 2617 548 2698 utique
572 2613 668 2674 initta
695 2615 861 2700 scribant,
905 2623 1034 2692 cetera,
1072 2632 1158 2694 qnae
1182 2613 1285 2675 domo
1315 2603 1383 2663 affe·

375 2729 474 2793 runt,
506 2722 704 2803 cogitatione
719 2705 1006 2804 complectantur,
1038 2721 1158 2782 subitis
1182 2743 1224 2784 ex
1244 2727 1383 2798 tempore

380 2841 568 2925 occurrant.
1140 2819 1143 2826 Ι

436 2937 538 3016 ,Quod
574 2937 763 3002 fecissent.
790 2939 936 3000 Tullium
974 2938 1245 3014 commentariis,
1283 2928 1380 3015 ipsius

262 3097 266 3114 ,
381 3037 584 3128 'apparet'').
626 3046 690 3107 Sed
716 3049 869 3108 feruntur
886 3044 1026 3104 aliorum
1051 3067 1185 3128 quoque
1206 3057 1241 3110 et
1260 3031 1381 3104 inventi

263 3198 266 3202 -
356 3155 487 3230 ·lorto,
519 3162 557 3214 ut
582 3173 636 3216 eos
658 3154 807 3215 dicturus
837 3151 980 3240 quisque
1008 3163 1261 3236 composuerat,
1295 3157 1329 3212 et
1351 3143 1380 3202 in

382 3260 484 3322 libros
501 3261 617 3346 digesti
630 3289 640 3336 ;
671 3274 708 3325 ut
721 3281 917 3336 causarum,
950 3283 1034 3343 qnae
1057 3273 1136 3324 suut
1159 3272 1255 3324 actae
1276 3281 1294 3318 n
1318 3256 1380 3316 Ser.

426 3466 451 3540 ¹)
476 3469 598 3534 Locum,
618 3461 665 3518 obi
681 3466 892 3540 hoctciceronis
906 3468 1040 3538 placitum
1056 3477 1149 3540 aperte
1164 3467 1292 3538 legatur,
1312 3475 1379 3515 com·

471 3573 578 3636 perturn
597 3579 653 3614 non
670 3561 768 3615 habeo.

413 3655 453 3727 '')
471 3657 639 3729 compositos
668 3675 684 3708 a
707 3657 838 3710 Cicerone
862 3657 998 3711 exstitisse
1021 3661 1247 3720 commentarios,
1277 3647 1378 3726 paucis·

472 3751 544 3806 simis
565 3751 677 3822 quidem
702 3752 874 3823 antiquitatis
898 3753 1059 3806 testimoniis
1082 3753 1213 3824 probatur
1234 3751 1287 3824 (ci.
1312 3767 1336 3800 v.
1356 3759 1378 3808 t·

473 3841 728 3902 Astom'l’edionus
740 3867 767 3920 p.
785 3847 873 3920 idn),
894 3859 1049 3927 occurren
1063 3842 1184 3904 dubitari
1199 3857 1300 3922 potest,
1320 3853 1377 3897 cum

324 3927 358 4014 ‘g
471 3939 570 3996 Noster
585 3943 639 3995 elio
661 3944 754 3997 adhue
775 3946 837 3997 loco
855 3946 1012 4000 eorumdem
1027 3947 1202 4000 certissimum
1217 3943 1378 4000 mentionem

473 4037 563 4126 iaciat.
601 4038 642 4092 Cf.
661 4039 681 4100 Ι,
694 4041 740 4094 lV.
758 4057 781 4130 ‘5
805 4060 826 4096 r.
844 4043 866 4109 5.
882 4043 925 4111 69.
