2890 4866
661 421 666 428 ’
769 456 855 552 oro

309 652 436 730 oratio,
471 674 557 736 quae
586 653 687 715 rebus·
709 673 775 714 uon
802 649 918 714 dubiis
943 663 1054 735 captat
1083 651 1316 718 adsensionem

310 761 400 846 ejus,
436 761 574 844 quicum
603 761 756 824 instituta
792 770 863 832 est3
908 759 1028 841 quibus
1059 759 1315 826 adsensionibus

308 873 401 949 facit,
423 880 461 932 ut
476 869 525 930 illi
541 867 639 932 dubia
658 853 887 952 quaedum'res
908 877 1044 951 propter
1063 869 1315 933 similitudinem

239 951 248 964 -
312 1001 423 1043 earum
440 999 569 1056 rerum,
594 976 713 1060 quihus
731 977 876 1038 adsensit
885 977 1092 1058 ,'·probetur:
1115 976 1207 1040 velut
1225 976 1315 1061 apud

161 1129 175 1154 a
203 1095 205 1107 '
309 1086 516 1152 Socraticum
535 1083 730 1170 Aeschinem
748 1083 949 1145 demonstrat
964 1085 1130 1163 Socrates,
1155 1083 1230 1146 c'um
1244 1088 1315 1148 Xe·

310 1195 488 1278 nophoutis
510 1213 629 1268 uxore,
661 1200 694 1252 et
716 1191 879 1274 cumipse
900 1189 1117 1272 Xenophonte
1139 1191 1312 1273 Aspasiam

309 1301 472 1363 locutum:
514 1300 575 1358 Dic
594 1297 693 1373 mihi,
724 1319 868 1378 quaeso,
899 1297 1128 1382 Xenophontis
1146 1320 1248 1374 uxor,
1281 1299 1313 1362 si

309 1407 418 1469 vicina
446 1416 501 1467 tua
526 1404 642 1466 melius
669 1401 786 1466 habeat
813 1426 951 1482 aurum,
992 1415 1091 1489 quain
1122 1418 1156 1468 tu
1192 1405 1311 1496 halles,

253 1529 259 1534 ’
308 1509 583 1576 ntrumilliusau
604 1523 697 1576 tuum
717 1512 833 1573 malis?
876 1514 986 1590 lllius,
1009 1513 1128 1596 inquit.
1171 1513 1261 1592 Quid
1280 1513 1313 1574 si

308 1633 435 1685 vestem
454 1630 493 1683 etv
509 1630 658 1706 ceterum
675 1629 827 1680 ornatum
848 1621 1037 1684 muliebrem
1057 1620 1157 1704 pretii
1178 1619 1312 1705 majoris

302 1711 445 1820 lrabeat,
477 1751 575 1812 quam
599 1709 636 1791 lu
665 1726 784 1806 hebes,
807 1731 976 1805 'tuumne',
1010 1750 1050 1790 an
1081 1729 1169 1788 illius
1194 1731 1311 1790 malis?

307 1837 519 1914 Illiusvero,
561 1811 742 1918 respoudit.⁸
783 1839 870 1918 Age,
902 1833 1033 1917 inquit,
1065 1819 1095 1898 si
1119 1836 1227 1898 virum
1254 1839 1313 1900 illa

229 2003 232 2026 ,
306 1946 475 2008 meliorem
492 1929 628 2020 hebeat,
651 1965 748 2025 quam
764 1953 802 2006 tu
820 1943 934 2020 habes,
956 1954 1109 2006 utrumne
1126 1951 1241 2022 tuum,
1266 1969 1311 2008 au

307 2051 397 2113 illius
412 2051 525 2120 malis?
568 2051 628 2112 ilic
644 2050 762 2111 mulier
776 2050 915 2112 erubuit.
933 2085 1085 2114 -,--
1122 2054 1193 2130 Hoc
1210 2053 1312 2117 modo

307 2161 466 2224 sermonis
490 2159 670 2244 plurimum
684 2161 834 2220 Socrates
852 2169 901 2221 est
921 2145 1194 2242 usus'propterea,
1218 2163 1312 2244 quod

309 2269 392 2332 nihil
409 2271 478 2352 ipse
498 2269 622 2330 adferre
646 2267 686 2328 ad
708 2267 971 2350 persuadendum
989 2263 1136 2342 volebam
1171 2270 1228 2332 sed
1250 2265 1329 2358 eo,

310 2377 401 2458 quod
429 2377 490 2437 sibi
517 2376 572 2437 ille
592 2374 745 2452 dederat,
787 2377 922 2468 quicpm
945 2374 1164 2458 disputabas
1181 2375 1314 2461 aliquid

309 2483 472 2547 conficere
493 2481 650 2559 malebat,
691 2481 780 2562 quod
802 2481 859 2542 ille
882 2501 920 2542 ex
943 2503 1001 2558 eo,
1034 2482 1208 2568 quodiam
1229 2508 1314 2547 con·
1395 2554 1400 2562 ¹

309 2591 480 2680 cessisset,
514 2586 700 2649 necessario
718 2571 897 2669 adprobare
917 2587 1059 2652 deberet.
1101 2591 1178 2652 Hoc
1197 2593 1230 2654 in
1256 2616 1315 2677 ge-

309 2719 387 2759 nere
406 2695 673 2777 praecipiendum
695 2694 789 2754 nobis
810 2693 940 2754 videtur
956 2696 1116 2777 primum,
1150 2710 1187 2760 ut
1208 2701 1313 2782 illud,

310 2801 399 2886 quod
420 2801 613 2872 inducemus
632 2821 690 2884 per
707 2797 980 2880 similitudinem,
1011 2801 1170 2886 ejusmodi
1186 2808 1249 2884 ait,
1273 2822 1315 2896 pt

298 2911 352 2974 'sit
375 2894 509 2973 necesse
528 2908 685 2970 concedi:
706 2888 783 2969 'num
804 2927 842 2980 ex,
862 2927 928 2990 quo
946 2909 1192 2991 postulabimus,
1209 2917 1312 2992 uobis

309 3017 403 3095 illud,
424 3016 517 3098 quod
528 3016 661 3077 dubium
679 3003 739 3092 sit,
750 3016 900 3094 concedi,
925 3017 1059 3080 dubium
1070 3040 1140 3082 esse
1155 3021 1313 3104 idipsum

310 3144 376 3210 pon
393 3127 580 3220 oportebit*
608 3124 735 3188 Deinde
751 3125 847 3200 illud,
872 3123 965 3208 cujus
983 3127 1195 3189 confirmandi
1212 3151 1313 3190 causa

309 3237 366 3298 fiet
386 3231 553 3310 inductio,
583 3232 764 3320 'ridendum
783 3239 853 3308 est,
891 3242 927 3292 ut
948 3233 1052 3295 simile
1072 3233 1111 3296 iia
1131 3237 1227 3297 rebus
1245 3238 1311 3316 sit,

311 3345 486 3429 quaeres,
511 3341 603 3422 quasi
626 3361 690 3400 uon
710 3339 835 3415 dubius,
859 3351 934 3402 ante
954 3341 1198 3429 induxerimus:
1222 3359 1311 3422 nam,

310 3461 387 3516 ante
410 3448 535 3532 aliquid
554 3447 646 3508 dubis
667 3451 859 3536 concessum
875 3447 967 3525 esse,
992 3449 1072 3510 nihii
1092 3451 1257 3534 proderit,
1281 3454 1313 3516 si
1346 3469 1349 3474 ’

267 3567 270 3574 ’
312 3559 342 3622 ei
362 3558 519 3642 dissimile
540 3556 602 3618 erit
618 3555 663 3630 id,
688 3553 780 3638 cujus
800 3539 896 3618 causa
915 3557 997 3617 illud
1014 3559 1150 3620 concedi
1168 3559 1313 3641 primum

288 3666 520 3745 'voluerimus
545 3662 695 3725 ·Deinde
725 3684 792 3724 nou
824 3663 1004 3754 iutelligat,
1054 3689 1120 3748 quo
1158 3681 1314 3760 specteup

311 3773 387 3834 illue
405 3772 526 3853 primae
544 3771 772 3846 inductiones,
785 3783 829 3832 et
844 3770 884 3830 ad
902 3793 999 3854 quem
1015 3773 1082 3835 siut
1097 3773 1218 3837 exitum
1236 3797 1314 3857 per-

310 3889 486 3944 venturae:
510 3903 584 3940 narn
603 3880 663 3963 qui
679 3880 786 3966 ridet,
810 3879 924 3956 sirei,
948 3901 1032 3962 quae
1053 3871 1195 3964 rogelur,
1207 3893 1314 3962 recte

197 4021 218 4040 ·-
257 4065 261 4076 ἱ
312 3989 514 4064 adsenserit,
550 3988 639 4048 illam
660 4008 793 4070 quoque
810 4007 897 4062 rem,
930 3990 1098 4068 quaesibi
1122 3989 1310 4070 displiceat,

303 4119 384 4180 ,esse
414 4095 597 4159 necessario
632 4095 895 4184 concedendam,
936 4089 1128 4179 plerumque
1145 4109 1215 4168 <aut
1241 4121 1310 4162 uon
1423 4103 1424 4112 ’
